2600 3959
140 313 162 363 1.
175 318 197 365 1.
212 315 297 379 143-2.
308 326 346 377 15.
547 307 723 363 ANDRIA.
1107 312 1126 375 9

140 475 220 548 Quid
240 473 314 552 agdo
328 473 400 552 quid
420 490 487 531 cum
507 472 556 531 illo
578 471 679 530 consili
700 468 804 545 captdt.
842 476 900 528 So.
923 464 973 524 Sat
993 474 1051 524 est:
1070 469 1126 523 170

139 572 279 635 Curabo:
300 590 401 633 eamus
422 568 559 631 nunciam
580 570 665 629 intro.
714 576 760 627 SI.
784 567 798 625 1
819 565 896 644 prad,
919 581 1032 640 sequor.

838 658 1047 742 (Exr‘tSosia.)

545 892 736 905 “n—

560 1176 566 1187 ·
584 1151 639 1211 SC.
662 1160 688 1213 2.

483 1342 593 1397 ΒῙΜΟ.
635 1341 783 1394 DAVOS.

137 1498 185 1553 SI.
207 1492 276 1555 Non
297 1490 452 1566 ddbiumst,
473 1494 543 1569 quin
565 1492 687 1551 uxorem
707 1492 777 1550 nolit
797 1490 891 1549 fssiusr

137 1592 182 1650 Ita
203 1592 317 1652 Davom
338 1592 427 1652 modo
447 1590 547 1662 timere
568 1591 653 1661 sensi,
675 1590 726 1648 ubi
746 1588 861 1667 nriptias

136 1688 258 1749 Futuras
271 1708 333 1750 esse
348 1690 461 1750 audivit.
489 1688 539 1748 ded
552 1690 614 1766 ipse
634 1689 694 1749 exit
714 1688 799 1749 foras.
821 1686 924 1767 (Enter
933 1684 1030 1744 Dauos
1043 1684 1126 1743 wilh-

177 1778 224 1830 out
234 1774 324 1849 seeing
337 1770 437 1849 Simo.)

136 1877 203 1929 DA.
226 1868 363 1941 Mirabar,
384 1869 440 1929 hoc
461 1870 484 1929 si
506 1870 548 1929 sic
570 1870 678 1929 abiret:
700 1868 729 1929 dt
749 1868 790 1927 eri
810 1885 923 1945 semper
942 1864 1045 1925 lenitas

136 1967 266 2027 Verebar
286 1986 426 2046 quorsum
446 1966 595 2027 evdderet:
840 2022 843 2026 ,
1031 1988 1045 2038 5
1069 1966 1125 2022 176

136 2065 196 2138 Qui
216 2066 371 2143 postquam
392 2065 520 2125 audierat
540 2066 601 2124 non
622 2066 722 2123 datum
741 2065 775 2124 iri
796 2065 858 2124 sssio
878 2062 1000 2122 uxorem
1021 2081 1084 2134 su0,

135 2164 354 2243 (Emphusizing
383 2165 448 2222 each
478 2170 600 2239 separate
627 2162 727 2243 word.)
769 2161 939 2240 Numquam
966 2161 1125 2238 quoiquam

296 2262 428 2320 nostrum
448 2264 569 2329 verbnm
589 2261 657 2319 fecit
677 2279 771 2337 neque
792 2260 822 2318 id
841 2257 926 2335 aegrd
946 2258 1018 2318 tulit.

134 2363 182 2421 SI.
204 2358 325 2439 (Aside.)
353 2347 393 2419 Ᾰῐ
413 2380 491 2420 nunc
520 2360 614 2431 faciet,
645 2358 749 2437 neque,
777 2368 809 2417 ut
839 2359 950 2435 opinor,
982 2359 1045 2416 sine
1073 2366 1125 2415 tuo

294 2459 403 2535 magno
424 2460 511 2519 malo.

132 2565 201 2617 DA.
224 2557 259 2616 Id
279 2557 375 2629 voluit,
396 2576 450 2617 nos
470 2560 511 2618 sic
533 2556 742 2633 necopinantes
764 2557 830 2619 drici
850 2559 924 2618 salso
944 2558 1062 2636 gaddo,

134 2652 280 2731 Speramis
293 2656 351 2713 iam
365 2656 462 2715 amoto
476 2666 564 2728 metu,
579 2657 687 2715 interea
701 2654 848 2714 oscitantis
861 2653 996 2731 opprimi,
1013 2677 1043 2713 10
1066 2659 1121 2715 181

133 2752 180 2812 Ne
201 2752 277 2812 dsset
297 2755 422 2830 spatium
443 2753 589 2829 cogitandi
610 2754 648 2812 ad
669 2751 870 2811 disturbandas
891 2750 1021 2829 nuptias:
1067 2762 1072 2771 ‘

132 2849 249 2911 Astritel
285 2859 335 2910 SI.
355 2850 477 2929 (Aside.)
491 2850 638 2911 Camufex
652 2870 728 2927 quae
748 2851 893 2927 loquitur?
934 2858 1002 2910 DA.
1012 2850 1125 2931 (Seeing

295 2946 399 3028 Simo.)
420 2933 497 3007 Erus
518 2959 569 3021 est,
592 2968 686 3026 neque
706 2949 897 3025 provideram.

130 3056 177 3107 SI.
201 3046 291 3108 Dave.
332 3055 399 3107 DA.
428 3046 568 3126 (Wt'thout
586 3048 697 3124 lookz'ng
717 3046 830 3125 round.)
860 3045 948 3119 Hem,
970 3048 1123 3125 quidest?

292 3154 339 3205 81.
360 3146 496 3205 Ehodum
524 3146 562 3205 ad
589 3167 644 3209 me.
686 3154 754 3206 DA.
776 3146 861 3225 (Still
879 3149 998 3206 without
1016 3148 1124 3224 lookz'ng

292 3230 405 3323 round.)
447 3244 526 3316 Quid
559 3245 606 3304 hic
640 3245 720 3304 volt?
761 3252 809 3304 ΕΙ.
838 3244 919 3317 Quid
947 3246 1014 3305 ais?
1055 3252 1122 3304 DA.

292 3342 360 3415 Qua
381 3344 416 3401 de
437 3342 489 3403 td?
529 3349 577 3402 SI.
599 3343 720 3419 Rogas?

130 3441 232 3503 Meum
254 3440 375 3517 gnatum
396 3459 493 3499 rumor
514 3440 557 3500 dst
571 3459 677 3500 amare.
719 3448 785 3499 DA.
818 3438 1055 3522 (Sarrastz'cally.)
1087 3442 1123 3501 Id

290 3538 415 3617 populus
435 3547 516 3598 curat
535 3538 651 3598 scilicet.
1064 3545 1122 3601 185
