2600 3959
423 514 778 609 amorra,
878 468 886 482 ’

524 694 673 707 —u——n

472 792 732 860 PROLOGVS.

105 918 209 993 Poera
231 951 321 1010 quom
343 934 468 1011 primum
489 934 618 993 animum
639 936 676 993 ad
697 936 879 995 scribendum
901 937 1017 1015 idpulit,

105 1031 140 1089 ld
162 1031 218 1089 sibi
238 1033 334 1108 negoti
356 1032 476 1090 eredidit
497 1031 590 1090 solum
612 1033 680 1104 dari,
741 1023 747 1032 ⁶

105 1130 219 1205 Populo
240 1128 272 1188 rit
292 1131 438 1207 placerent
459 1129 531 1206 ques
552 1130 665 1189 fecisset
685 1132 803 1192 fibulas.

105 1229 216 1287 Verum
236 1229 316 1289 eliter
337 1230 450 1288 evenire
471 1229 562 1288 multo
583 1230 735 1305 intellegit:

106 1328 185 1387 Nam
205 1328 235 1385 in
256 1328 384 1404 prologis
406 1325 566 1386 seribrindis
587 1347 706 1404 operam
727 1328 857 1402 abutitur,
1072 1338 1089 1391 5

106 1426 176 1485 Non
197 1426 246 1503 qui
267 1426 470 1501 ergumentum
490 1425 594 1496 nerret,
616 1428 668 1485 sed
689 1429 739 1503 qui
759 1428 890 1487 malevoli

104 1523 220 1583 Veteris
240 1531 344 1601 poetae
364 1523 522 1582 maledictis
539 1524 720 1600 respendeat

105 1622 202 1694 Nunc,
224 1622 312 1700 quim
333 1641 395 1681 rem
415 1623 484 1681 vitio
506 1622 583 1693 dent,
605 1641 714 1699 quaeso
735 1624 862 1682 animum
883 1624 1029 1685 advertite.

104 1720 268 1779 Menender
288 1720 355 1779 fecit
375 1706 517 1780 Andriam
538 1730 566 1778 et
587 1720 770 1780 Perinthiam.

105 1819 164 1891 Qui
184 1818 319 1878 utremvis
340 1828 416 1878 recte
437 1819 521 1890 nerit,
542 1821 642 1878 ambas
663 1819 789 1879 neverit:
1052 1829 1088 1883 10

104 1917 175 1977 Non
195 1920 233 1976 ita
254 1908 320 1976 sunt
341 1916 467 1976 dissimili
488 1916 669 1994 argumente,
691 1920 741 1979 sed
761 1929 857 1979 tamen

103 2015 242 2075 Dissimili
264 2016 393 2075 oratiene
415 2025 480 2073 sunt
501 2015 594 2075 factae
615 2016 649 2075 ee
670 2018 744 2077 stilo.

104 2114 189 2186 Quae
210 2114 370 2173 convenere
391 2114 421 2172 in
442 2100 583 2173 Andriam
604 2133 640 2173 ex
663 2116 805 2175 Perinthia

103 2213 219 2272 Fatetur
238 2212 415 2271 transtulisse
436 2221 522 2288 atque
543 2232 628 2271 usum
649 2221 700 2290 pro
721 2215 788 2273 suis.

103 2314 139 2372 Id
157 2313 206 2371 isti
226 2313 388 2388 vituperant
409 2310 517 2369 fectum
539 2321 625 2389 atque
645 2313 674 2369 in
695 2331 731 2371 eo
751 2313 898 2391 disputant
1053 2320 1088 2373 15

103 2410 302 2471 Contaminari
323 2411 383 2469 nen
405 2408 508 2469 decere
528 2410 647 2470 fibulas

103 2506 263 2568 Faciuntne
285 2507 490 2586 intellegendo,
511 2519 542 2566 ut
562 2510 600 2567 nil
621 2508 811 2587 intellegant?

103 2609 162 2681 Qui
182 2626 272 2685 quom
293 2605 371 2666 hrinc
393 2618 537 2678 accusant,
559 2607 703 2666 Naevium
724 2608 855 2669 Plautum
877 2595 1003 2667 Ennium

101 2705 258 2779 Accusant,
279 2724 353 2783 quos
373 2706 421 2764 hic
442 2706 538 2765 nester
559 2706 691 2765 auctores
711 2706 807 2779 habet,

102 2806 235 2879 Quorum
256 2804 394 2864 aemulari
414 2806 532 2881 exeptat
552 2805 765 2882 neglegentiam

84 2902 201 2962 ·Potiris
222 2921 310 2981 quam
332 2903 450 2962 istorum
471 2900 624 2960 obscuram
646 2902 831 2979 diligentiam.

101 3001 214 3061 Dehinc
234 2999 267 3058 rit
288 3002 435 3077 quiescant
456 3001 543 3077 perro
564 3020 672 3061 moneo
693 3012 722 3060 et
743 3002 874 3062 desinant

101 3102 179 3160 Male
200 3101 303 3170 dicere,
324 3097 474 3157 maleficta
495 3119 532 3158 ne
553 3100 675 3159 noscent
695 3119 757 3160 sua.

15 3226 23 3241 ·
100 3200 213 3273 Favete,
235 3197 333 3257 adeste
354 3215 447 3273 aequo
468 3198 564 3257 inimo
585 3210 613 3257 et
633 3218 696 3257 rem
716 3201 892 3279 cognescitc,

99 3300 139 3359 Vt
159 3298 347 3376 pernoscatis,
370 3296 473 3373 ecquid
495 3299 556 3374 spei
577 3300 612 3355 sit
632 3298 793 3360 relicuom:
1049 3304 1086 3360 25

100 3396 221 3456 Posthee
243 3414 316 3473 quas
338 3394 423 3453 saciet
444 3396 480 3454 de
502 3396 615 3472 integro
637 3396 810 3468 comoedias

101 3494 279 3573 Spectandae
301 3513 339 3551 an
360 3494 519 3569 exigendae
540 3495 597 3552 sint
617 3496 700 3554 vobis
715 3496 803 3573 prius.

565 3612 581 3651 n
599 3612 613 3649 2
