2600 3959
185 280 225 366 38
589 293 765 352 ANDRJA.
967 296 1011 345 IV.
1025 297 1047 346 2.
1063 297 1133 345 22—3.
1148 309 1171 357 3.

184 461 249 512 ΘΗ.
272 453 321 512 Sat
341 454 445 515 hibeo.
487 464 551 515 PA.
575 456 654 528 Quid
681 456 790 517 facids?
819 457 901 515 cedo.
942 464 1010 515 DA.
1025 454 1103 514 ‘Dies
1123 455 1172 513 hic

344 555 385 611 mi
405 564 436 611 ut
457 558 523 614 satis
545 556 579 613 sit
599 555 700 617 vdreor
866 609 870 621 ,
982 611 985 616 ,
1111 559 1170 613 705

182 649 230 708 Ad
260 651 423 729 agdndum:
450 672 486 712 ne
508 670 631 712 vacuom
660 652 722 713 osse
752 672 800 713 me
827 672 906 718 nune
927 652 965 711 od
993 651 1171 711 narrandum

235 754 237 759 ’
265 753 266 759 ’
342 749 461 811 ετέάαει
1122 801 1124 806 ,

180 845 303 906 Proinde
323 846 391 907 hinc
411 866 463 908 vos
484 849 659 911 amolimini:
680 867 749 916 nam
770 849 811 907 mi
832 849 1030 926 inpedimento
1050 808 1127 907 dsiis.

179 951 243 1002 PA
264 944 330 1021 Ego
350 946 426 1005 hane
446 947 545 1005 visam.
568 946 661 1027 (Exit
679 950 736 1006 iulo
759 945 940 1023 Glyceri’ums
954 946 1057 1025 house.)
1098 954 1167 1005 DA

310 1042 420 1116 Quid
446 1046 497 1103 tu?
535 1063 593 1122 quo
618 1045 686 1104 hinc
714 1055 741 1103 te
764 1046 848 1121 agis?
893 1052 960 1103 ΘΗ.
989 1042 1100 1106 Verum
1125 1045 1171 1102 vis

340 1142 455 1203 dicam?
496 1152 563 1202 DA.
586 1143 684 1202 Immo
705 1142 791 1202 dtiam
847 1157 849 1164 ·
1003 1177 1005 1180 -
1136 1166 1167 1216 25

179 1236 358 1299 Narrdtio'nis
380 1241 480 1317 incipit
501 1243 541 1299 mi
562 1242 683 1301 initium.
727 1250 792 1301 011.
815 1242 894 1314 Quid
914 1259 962 1300 me
982 1242 1051 1301 siet?

178 1346 244 1396 DA.
266 1338 332 1397 Eho
352 1348 383 1397 tu
405 1340 558 1416 inpudenS,
573 1359 633 1401 non
654 1340 722 1400 sitis
744 1341 842 1414 habes,
857 1342 938 1419 quod
955 1342 1006 1400 tibi
1023 1339 1167 1399 dieculam

338 1434 424 1526 oddo,
1106 1443 1166 1497 710

178 1533 328 1607 Quantum
355 1536 423 1596 huic
444 1556 601 1615 promoveo
628 1536 764 1615 nuptias?
817 1547 883 1598 011
904 1537 995 1611 Dave,
1016 1536 1047 1595 it
1066 1546 1166 1597 tamen

341 1668 419 1679 —-
462 1646 528 1697 DA.
550 1637 630 1709 Quid
651 1636 759 1712 drgo?

178 1738 245 1793 ΟΕ.
267 1733 308 1793 Vt
329 1733 443 1794 ducam.
484 1743 553 1794 DA.
574 1734 747 1796 Ridiculum.
790 1742 856 1795 ΘΗ.
879 1732 948 1794 Huc
975 1734 1038 1796 sace
1058 1733 1097 1792 ad
1116 1751 1168 1795 me.

336 1843 367 1891 ut
387 1832 492 1905 vdniaq
514 1833 611 1913 siquid
629 1833 742 1909 poteris„

176 1937 244 1988 DA.
267 1929 347 2002 Quid
361 1931 496 1991 voniam?
510 1931 550 1989 nil
571 1932 674 1993 habeo.
717 1939 782 1990 CH.
798 1917 837 1990 Ᾰῐ
852 1941 948 1990 tamen
963 1929 1065 2009 siquid.
1093 1938 1163 1989 DA.

176 2080 178 2085 .
336 2030 408 2105 Age,
429 2030 551 2089 veniam
593 2038 659 2089 ΘΗ.
683 2030 792 2108 Siquid,
930 2070 935 2080 -
1131 2053 1164 2100 30

173 2129 261 2187 Domi
282 2129 340 2188 ero.
363 2128 455 2208 (Exit
479 2136 510 2188 at
535 2128 602 2188 back
629 2130 667 2204 of
682 2128 779 2208 stage)
799 2138 866 2189 DA.
888 2129 944 2201 Tu,
966 2128 1066 2207 Mysis,
1091 2130 1165 2187 dum

334 2226 417 2299 dxeo,
436 2226 591 2304 pardmper
611 2246 659 2291 me
680 2229 811 2306 opperIre
833 2229 889 2288 hic.
1024 2235 1027 2239 ’

173 2333 248 2387 m.
270 2325 475 2402 Quapropter?
516 2334 583 2385 DA.
606 2326 650 2385 Ita
678 2325 781 2385 factost
808 2344 890 2403 opus.
932 2334 1007 2386 MY.
1037 2323 1162 2385 Matura.

179 2456 181 2463 ν
298 2448 299 2451 ’
334 2430 401 2482 DA.
417 2424 503 2483 Iam
495 2433 620 2501 mquam
628 2425 675 2485 iuc
689 2425 786 2485 ddero.
801 2422 895 2503 (Exti
906 2425 962 2483 mlo
978 2423 1164 2502 Glycerzfum’s

334 2520 435 2604 house.)
1101 2528 1161 2583 715

617 2967 673 3029 SC.
696 2974 723 3028 3.

501 3126 638 3178 mem.
658 3173 660 3178 .
680 3126 827 3179 DAvos.

171 3232 246 3325 ΠΥ.
269 3264 355 3324 Niine
376 3264 438 3326 osse
459 3267 607 3343 proprium
627 3269 803 3347 quoiquam!
826 3268 855 3326 di
876 3263 1000 3324 vostrim
1023 3266 1130 3329 fidemz

172 3362 324 3423 Summum
344 3366 454 3423 bonum
475 3384 537 3425 esse
558 3365 624 3425 erud
644 3368 740 3444 putavi
761 3368 838 3426 hunc
859 3363 1049 3441 Pdmphilum,
1119 3435 1121 3438 Ι

169 3461 316 3533 Amicum,
339 3460 506 3535 auiatordm‚
528 3464 620 3522 virum
637 3467 667 3524 in
689 3467 791 3542 quovis
812 3466 877 3554 looo
