2600 3959
140 314 192 365 111.
205 316 310 379 1.1·14.
550 308 725 366 ANDRIA.
801 307 807 324 ‘

467 814 688 899 ACTVS
731 814 814 898 ΙΙΙ.

587 1052 642 1113 SC.
666 1058 691 1112 1.

315 1195 452 1249 MYsus.
484 1195 594 1248 emo.
623 1194 772 1246 DAVOS.
800 1192 960 1246 LESBIA.

141 1328 247 1409 (Emer
268 1330 365 1405 Mysis
385 1330 446 1389 and
462 1328 572 1401 Lesbia,
593 1329 711 1387 withoul
727 1330 818 1405 seez'ng
838 1326 917 1388 Simo
937 1329 996 1387 and
1012 1326 1129 1407 Dauos)

141 1494 216 1547 MY.
239 1488 284 1547 Ita
304 1487 354 1565 p61
375 1486 493 1566 quidem
514 1504 559 1545 res
580 1482 631 1557 est,
655 1498 686 1544 ut
706 1485 786 1556 dixti,
808 1484 929 1545 Lesbiat

142 1585 272 1645 Fidelem
292 1586 371 1644 haud
390 1585 480 1645 ferme
501 1583 612 1643 mulieri
632 1583 761 1642 invenids
781 1584 880 1642 virum.
1071 1588 1129 1642 460

142 1692 190 1743 SI.
206 1682 316 1763 (Apart
326 1691 352 1742 to
365 1682 485 1761 Dauos.)
498 1683 547 1741 Ab
561 1668 699 1741 Andriast
713 1681 816 1740 ancssla
832 1681 914 1741 haec.
939 1688 1006 1739 DA.
1022 1679 1132 1760 (Apart

305 1789 331 1841 lo
345 1780 444 1861 Simu)
459 1780 539 1853 Quid
557 1779 677 1839 narrds?
720 1786 767 1838 ΕΙ.
790 1778 920 1858 (Apart.)
941 1778 1019 1839 Itast.

141 1894 216 1947 MY.
240 1884 297 1943 Sed
327 1883 373 1940 hde
403 1879 677 1955 Pumphilus--.
721 1887 767 1938 81.
790 1879 919 1958 (Aparl.)
945 1880 1025 1952 Quid
1050 1881 1135 1939 dicit?

303 1987 379 2039 MY.
400 1978 523 2035 firmavit
545 1976 639 2034 fidem.
683 1983 730 2036 SI.
753 1975 882 2056 (Apart.)
904 1978 1004 2036 Hem?

143 2085 211 2136 DA.
233 2075 354 2156 (Aside.)
375 2074 494 2134 Vtinam
516 2073 564 2133 adt
584 2075 632 2133 hic
656 2074 759 2133 surdus
780 2073 829 2133 aut
855 2075 927 2134 haec
951 2085 1031 2133 muta
1055 2074 1129 2134 [dcta

305 2176 355 2233 Sit!
1114 2200 1128 2247 5

143 2279 219 2333 MY.
241 2273 319 2333 Nam
348 2271 428 2349 qu6d
456 2270 621 2348 peperisset,
643 2268 724 2330 idssit
756 2270 824 2330 tolli.
866 2279 913 2331 81.
943 2270 1072 2352 (Apart.)
1101 2272 1129 2331 0

305 2368 442 2448 Iuppiter,

142 2470 224 2543 Quid
237 2489 293 2548 ego
307 2468 414 2528 audio?
428 2478 558 2541 actumst,
574 2467 715 2546 siquidem
727 2469 798 2528 haec
812 2487 879 2528 vera
890 2467 1044 2546 praedicat.
1071 2474 1128 2527 465

141 2576 204 2628 Lu.
235 2568 352 2627 Bonum
383 2566 533 2645 ingenium
558 2584 658 2625 narras
682 2566 880 2626 dduleseentis.
931 2573 1006 2626 MY.
1034 2549 1128 2643 Optu-

303 2684 393 2724 mum.

143 2764 201 2824 Sed
223 2763 341 2843 sequere
368 2783 415 2823 me
442 2762 526 2836 intro,
549 2781 585 2822 ne
611 2765 640 2822 fn
664 2781 746 2822 mora
767 2762 805 2821 illi
827 2763 873 2822 sss.
915 2767 977 2821 LE.
1008 2761 1127 2839 Sequor.

303 2862 437 2943 (Exeunt
446 2862 543 2941 Mysis
556 2865 615 2922 and
626 2862 728 2921 Lesbia
742 2865 798 2921 into
813 2861 993 2940 Glycert'um’s
1005 2863 1108 2942 house.)

140 2971 207 3023 DA.
230 2961 351 3042 (Aside.)
373 2961 462 3034 Quod
484 2961 644 3021 remedium
672 2979 751 3019 nune
772 2961 839 3019 huso
864 2961 942 3019 malo
964 2961 1127 3021 invenidm?

303 3068 350 3121 st.
371 3060 451 3132 Quid
472 3061 547 3120 hoc?
1098 3083 1128 3119 10

139 3160 245 3220 Adedn
267 3169 310 3218 est
331 3159 469 3218 demens?
490 3158 526 3216 ex
548 3155 718 3235 peregrina?
739 3156 797 3217 ism
818 3157 894 3217 scio:
916 3156 952 3215 ah

140 3260 198 3317 Vix
219 3258 337 3317 tdndem
351 3257 426 3315 sensi
441 3256 568 3316 stdlidus.
601 3264 669 3315 DA.
692 3255 792 3335 (Aside
804 3258 873 3314 wilh
883 3263 969 3333 great
979 3255 1127 3334 sarcasm.)

302 3355 381 3427 Quid
404 3355 450 3413 th
469 3355 590 3414 sensisse
612 3356 671 3413 ait?
1068 3362 1127 3414 470

141 3464 187 3516 SI.
212 3453 333 3532 (Asside.)
361 3452 445 3511 Haec
465 3453 591 3529 primum
610 3451 734 3512 adfertur
754 3451 811 3511 idm
826 3452 864 3509 mi
879 3451 985 3511 abhoc
1000 3450 1126 3513 fallfscia:
