<?xml version="1.0" encoding="UTF-8"?>
<!DOCTYPE html PUBLIC "-//W3C//DTD XHTML 1.0 Transitional//EN"
    "http://www.w3.org/TR/xhtml1/DTD/xhtml1-transitional.dtd">
<html xmlns="http://www.w3.org/1999/xhtml" xml:lang="en" lang="en">
 <head>
  <title>
</title>
<meta http-equiv="Content-Type" content="text/html;charset=utf-8" />
  <meta name='ocr-system' content='tesseract 3.04.00' />
  <meta name='ocr-capabilities' content='ocr_page ocr_carea ocr_par ocr_line ocrx_word'/>
</head>
<body>
  <div class='ocr_page' id='page_1' title='image "./pterentiandriaw00teregoog/pterentiandriaw00teregoog_0059.png"; bbox 0 0 2600 3959; ppageno 0'>
   <div class='ocr_carea' id='block_1_1' title="bbox 185 276 1170 351">
    <p class='ocr_par' dir='ltr' id='par_1_1' title="bbox 185 276 1170 351">
     <span class='ocr_line' id='line_1_1' title="bbox 185 276 1170 351; baseline -0.002 -11"><span class='ocrx_word' id='word_1_1' title='bbox 185 276 224 340; x_wconf 85' lang='lat'>28</span> <span class='ocrx_word' id='word_1_2' title='bbox 587 281 763 343; x_wconf 78' lang='lat' dir='ltr'><em>ANDRIA.</em></span> <span class='ocrx_word' id='word_1_3' title='bbox 983 287 1033 339; x_wconf 91' lang='lat'>111.</span> <span class='ocrx_word' id='word_1_4' title='bbox 1045 289 1069 337; x_wconf 80' lang='lat'>2.</span> <span class='ocrx_word' id='word_1_5' title='bbox 1082 300 1170 351; x_wconf 80' lang='lat'><strong>30-52.</strong></span> 
     </span>
    </p>
   </div>
   <div class='ocr_carea' id='block_1_2' title="bbox 178 444 1180 3377">
    <p class='ocr_par' dir='ltr' id='par_1_2' title="bbox 184 444 1171 524">
     <span class='ocr_line' id='line_1_2' title="bbox 184 444 1171 524; baseline -0.001 -19"><span class='ocrx_word' id='word_1_6' title='bbox 184 446 230 506; x_wconf 93' lang='lat' dir='ltr'>Ne</span> <span class='ocrx_word' id='word_1_7' title='bbox 251 456 282 505; x_wconf 89' lang='lat' dir='ltr'>tu</span> <span class='ocrx_word' id='word_1_8' title='bbox 302 446 359 506; x_wconf 88' lang='lat' dir='ltr'>h6c</span> <span class='ocrx_word' id='word_1_9' title='bbox 380 446 522 524; x_wconf 89' lang='lat' dir='ltr'>posterius</span> <span class='ocrx_word' id='word_1_10' title='bbox 543 446 622 506; x_wconf 85' lang='lat' dir='ltr'>dicas</span> <span class='ocrx_word' id='word_1_11' title='bbox 643 446 719 505; x_wconf 85' lang='lat' dir='ltr'>Davi</span> <span class='ocrx_word' id='word_1_12' title='bbox 740 445 848 506; x_wconf 75' lang='lat' dir='ltr'>fictum</span> <span class='ocrx_word' id='word_1_13' title='bbox 870 446 992 506; x_wconf 90' lang='lat' dir='ltr'>consilio</span> <span class='ocrx_word' id='word_1_14' title='bbox 1012 444 1062 505; x_wconf 81' lang='lat' dir='ltr'>orit</span> <span class='ocrx_word' id='word_1_15' title='bbox 1083 446 1171 505; x_wconf 85' lang='lat' dir='ltr'>dolis:</span> 
     </span>
    </p>

    <p class='ocr_par' dir='ltr' id='par_1_3' title="bbox 185 543 1172 713">
     <span class='ocr_line' id='line_1_3' title="bbox 185 543 1172 622; baseline -0.004 -19"><span class='ocrx_word' id='word_1_16' title='bbox 185 545 304 605; x_wconf 74' lang='lat' dir='ltr'>Prorsus</span> <span class='ocrx_word' id='word_1_17' title='bbox 333 565 351 604; x_wconf 91' lang='lat' dir='ltr'>a</span> <span class='ocrx_word' id='word_1_18' title='bbox 379 563 427 604; x_wconf 90' lang='lat' dir='ltr'>me</span> <span class='ocrx_word' id='word_1_19' title='bbox 455 545 623 622; x_wconf 85' lang='lat' dir='ltr'>opinionem</span> <span class='ocrx_word' id='word_1_20' title='bbox 652 543 728 602; x_wconf 85' lang='lat' dir='ltr'>hanc</span> <span class='ocrx_word' id='word_1_21' title='bbox 758 554 837 603; x_wconf 83' lang='lat' dir='ltr'>tuam</span> <span class='ocrx_word' id='word_1_22' title='bbox 865 543 927 603; x_wconf 72' lang='lat' dir='ltr'>esse</span> <span class='ocrx_word' id='word_1_23' title='bbox 956 562 1012 620; x_wconf 87' lang='lat' dir='ltr'>ego</span> <span class='ocrx_word' id='word_1_24' title='bbox 1043 544 1172 602; x_wconf 65' lang='lat' dir='ltr'>amotum</span> 
     </span>
     <span class='ocr_line' id='line_1_4' title="bbox 344 643 1171 713; baseline -0.001 -13"><span class='ocrx_word' id='word_1_25' title='bbox 344 643 419 703; x_wconf 85' lang='lat' dir='ltr'>volo.</span> <span class='ocrx_word' id='word_1_26' title='bbox 1038 666 1070 713; x_wconf 78' lang='lat'>30</span> <span class='ocrx_word' id='word_1_27' title='bbox 1112 647 1171 700; x_wconf 90' lang='grc'>510</span> 
     </span>
    </p>

    <p class='ocr_par' dir='ltr' id='par_1_4' title="bbox 185 719 1173 918">
     <span class='ocr_line' id='line_1_5' title="bbox 185 719 1173 818; baseline -0.003 -17"><span class='ocrx_word' id='word_1_28' title='bbox 185 750 231 801; x_wconf 81' lang='lat' dir='ltr'>SI.</span> <span class='ocrx_word' id='word_1_29' title='bbox 253 737 495 818; x_wconf 62' lang='lat' dir='ltr'>(Incredulourdr.)</span> <span class='ocrx_word' id='word_1_30' title='bbox 517 719 603 799; x_wconf 61' lang='lat' dir='ltr'>Vnde</span> <span class='ocrx_word' id='word_1_31' title='bbox 624 739 654 799; x_wconf 95' lang='lat' dir='ltr'>id</span> <span class='ocrx_word' id='word_1_32' title='bbox 682 739 758 800; x_wconf 85' lang='lat' dir='ltr'>scis?</span> <span class='ocrx_word' id='word_1_33' title='bbox 799 747 865 799; x_wconf 84' lang='lat' dir='ltr'>DA.</span> <span class='ocrx_word' id='word_1_34' title='bbox 887 739 994 799; x_wconf 85' lang='lat' dir='ltr'>Audivi</span> <span class='ocrx_word' id='word_1_35' title='bbox 1016 748 1044 797; x_wconf 88' lang='lat' dir='ltr'>et</span> <span class='ocrx_word' id='word_1_36' title='bbox 1065 738 1173 798; x_wconf 88' lang='lat' dir='ltr'>credo:</span> 
     </span>
     <span class='ocr_line' id='line_1_6' title="bbox 346 836 1012 918; baseline -0.008 -20"><span class='ocrx_word' id='word_1_37' title='bbox 346 836 590 918; x_wconf 78' lang='lat' dir='ltr'>(Confidentially.)</span> <span class='ocrx_word' id='word_1_38' title='bbox 611 836 701 896; x_wconf 82' lang='lat' dir='ltr'>mrilta</span> <span class='ocrx_word' id='word_1_39' title='bbox 723 836 897 897; x_wconf 84' lang='lat' dir='ltr'>concurrrint</span> <span class='ocrx_word' id='word_1_40' title='bbox 918 838 1012 908; x_wconf 90' lang='lat' dir='ltr'>simul,</span> 
     </span>
    </p>

    <p class='ocr_par' dir='ltr' id='par_1_5' title="bbox 186 920 1174 1095">
     <span class='ocr_line' id='line_1_7' title="bbox 186 920 1174 1022; baseline -0.005 -25"><span class='ocrx_word' id='word_1_41' title='bbox 186 938 246 1011; x_wconf 88' lang='lat' dir='ltr'>Qui</span> <span class='ocrx_word' id='word_1_42' title='bbox 263 920 456 997; x_wconf 87' lang='lat' dir='ltr'>coniecturam</span> <span class='ocrx_word' id='word_1_43' title='bbox 475 934 550 995; x_wconf 71' lang='lat' dir='ltr'>binc</span> <span class='ocrx_word' id='word_1_44' title='bbox 568 953 645 995; x_wconf 93' lang='lat' dir='ltr'>nunc</span> <span class='ocrx_word' id='word_1_45' title='bbox 665 936 748 995; x_wconf 86' lang='lat' dir='ltr'>facio.</span> <span class='ocrx_word' id='word_1_46' title='bbox 790 935 848 995; x_wconf 78' lang='lat' dir='ltr'>itm</span> <span class='ocrx_word' id='word_1_47' title='bbox 870 937 996 1022; x_wconf 88' lang='lat' dir='ltr'>primum</span> <span class='ocrx_word' id='word_1_48' title='bbox 1016 933 1174 1012; x_wconf 61' lang='lat' dir='ltr'>postquem</span> 
     </span>
     <span class='ocr_line' id='line_1_8' title="bbox 345 1035 423 1095; baseline 0.026 -2"><span class='ocrx_word' id='word_1_49' title='bbox 345 1035 423 1095; x_wconf 90' lang='lat' dir='ltr'>videt</span> 
     </span>
    </p>

    <p class='ocr_par' dir='ltr' id='par_1_6' title="bbox 186 1132 924 1211">
     <span class='ocr_line' id='line_1_9' title="bbox 186 1132 924 1211; baseline -0.003 -17"><span class='ocrx_word' id='word_1_50' title='bbox 186 1132 310 1211; x_wconf 76' lang='lat' dir='ltr'>Nuptias</span> <span class='ocrx_word' id='word_1_51' title='bbox 331 1134 411 1193; x_wconf 88' lang='lat' dir='ltr'>dorni</span> <span class='ocrx_word' id='word_1_52' title='bbox 432 1133 574 1210; x_wconf 69' lang='lat' dir='ltr'>tdparari</span> <span class='ocrx_word' id='word_1_53' title='bbox 595 1133 713 1193; x_wconf 80' lang='lat' dir='ltr'>missust</span> <span class='ocrx_word' id='word_1_54' title='bbox 733 1132 836 1191; x_wconf 88' lang='lat' dir='ltr'>ancilla</span> <span class='ocrx_word' id='word_1_55' title='bbox 857 1133 924 1192; x_wconf 86' lang='lat' dir='ltr'>ilico</span> 
     </span>
    </p>

    <p class='ocr_par' dir='ltr' id='par_1_7' title="bbox 186 1214 1176 1407">
     <span class='ocr_line' id='line_1_10' title="bbox 186 1214 1176 1307; baseline 0.003 -16"><span class='ocrx_word' id='word_1_56' title='bbox 186 1216 378 1292; x_wconf 80' lang='lat' dir='ltr'>Obstetricem</span> <span class='ocrx_word' id='word_1_57' title='bbox 408 1230 574 1291; x_wconf 76' lang='lat' dir='ltr'>arcessitum</span> <span class='ocrx_word' id='word_1_58' title='bbox 605 1231 642 1290; x_wconf 87' lang='lat' dir='ltr'>ad</span> <span class='ocrx_word' id='word_1_59' title='bbox 674 1250 739 1290; x_wconf 81' lang='lat' dir='ltr'>earn</span> <span class='ocrx_word' id='word_1_60' title='bbox 775 1241 804 1290; x_wconf 90' lang='lat' dir='ltr'>et</span> <span class='ocrx_word' id='word_1_61' title='bbox 838 1214 960 1307; x_wconf 84' lang='lat' dir='ltr'>prierum</span> <span class='ocrx_word' id='word_1_62' title='bbox 991 1244 1023 1293; x_wconf 92' lang='lat' dir='ltr'>ut</span> <span class='ocrx_word' id='word_1_63' title='bbox 1052 1235 1176 1294; x_wconf 72' lang='lat' dir='ltr'>adferret</span> 
     </span>
     <span class='ocr_line' id='line_1_11' title="bbox 345 1331 1174 1407; baseline 0.001 -16"><span class='ocrx_word' id='word_1_64' title='bbox 345 1331 435 1391; x_wconf 82' lang='lat' dir='ltr'>simul.</span> <span class='ocrx_word' id='word_1_65' title='bbox 681 1354 688 1365; x_wconf 84' lang='grc'><strong>’</strong></span> <span class='ocrx_word' id='word_1_66' title='bbox 1041 1358 1071 1407; x_wconf 81' lang='lat'>35</span> <span class='ocrx_word' id='word_1_67' title='bbox 1115 1340 1174 1392; x_wconf 85' lang='lat'>515</span> 
     </span>
    </p>

    <p class='ocr_par' dir='ltr' id='par_1_8' title="bbox 185 1427 1145 1508">
     <span class='ocr_line' id='line_1_12' title="bbox 185 1427 1145 1508; baseline 0.004 -21"><span class='ocrx_word' id='word_1_68' title='bbox 185 1429 253 1489; x_wconf 75' lang='lat' dir='ltr'>Hoc</span> <span class='ocrx_word' id='word_1_69' title='bbox 274 1430 328 1488; x_wconf 90' lang='lat' dir='ltr'>nisi</span> <span class='ocrx_word' id='word_1_70' title='bbox 349 1429 388 1501; x_wconf 90' lang='lat' dir='ltr'>fit,</span> <span class='ocrx_word' id='word_1_71' title='bbox 409 1447 532 1505; x_wconf 92' lang='lat' dir='ltr'>puerum</span> <span class='ocrx_word' id='word_1_72' title='bbox 553 1427 584 1488; x_wconf 85' lang='lat' dir='ltr'>rit</span> <span class='ocrx_word' id='word_1_73' title='bbox 604 1438 635 1487; x_wconf 90' lang='lat' dir='ltr'>tu</span> <span class='ocrx_word' id='word_1_74' title='bbox 656 1429 762 1499; x_wconf 72' lang='lat' dir='ltr'>videas</span> <span class='ocrx_word' id='word_1_75' title='bbox 780 1429 821 1487; x_wconf 89' lang='lat' dir='ltr'>nil</span> <span class='ocrx_word' id='word_1_76' title='bbox 842 1439 995 1489; x_wconf 90' lang='lat' dir='ltr'>moventur</span> <span class='ocrx_word' id='word_1_77' title='bbox 1016 1430 1145 1508; x_wconf 84' lang='lat' dir='ltr'>nriptiae.</span> 
     </span>
    </p>

    <p class='ocr_par' dir='ltr' id='par_1_9' title="bbox 185 1526 1180 1609">
     <span class='ocr_line' id='line_1_13' title="bbox 185 1526 1180 1609; baseline 0.001 -22"><span class='ocrx_word' id='word_1_78' title='bbox 185 1537 232 1587; x_wconf 81' lang='lat' dir='ltr'>SI.</span> <span class='ocrx_word' id='word_1_79' title='bbox 254 1528 332 1599; x_wconf 89' lang='lat' dir='ltr'>Quid</span> <span class='ocrx_word' id='word_1_80' title='bbox 353 1530 415 1587; x_wconf 83' lang='lat' dir='ltr'>als?</span> <span class='ocrx_word' id='word_1_81' title='bbox 437 1545 527 1605; x_wconf 90' lang='lat' dir='ltr'>quom</span> <span class='ocrx_word' id='word_1_82' title='bbox 548 1526 729 1588; x_wconf 75' lang='lat' dir='ltr'>intellexeras</span> <span class='ocrx_word' id='word_1_83' title='bbox 1173 1596 1180 1609; x_wconf 47' lang='lat'><strong>·</strong></span> 
     </span>
    </p>

    <p class='ocr_par' dir='ltr' id='par_1_10' title="bbox 184 1609 1153 1704">
     <span class='ocr_line' id='line_1_14' title="bbox 184 1609 1153 1704; baseline 0.007 -23"><span class='ocrx_word' id='word_1_84' title='bbox 184 1609 220 1683; x_wconf 79' lang='lat' dir='ltr'>id</span> <span class='ocrx_word' id='word_1_85' title='bbox 241 1627 391 1685; x_wconf 90' lang='lat' dir='ltr'>consilium</span> <span class='ocrx_word' id='word_1_86' title='bbox 412 1624 523 1703; x_wconf 72' lang='lat' dir='ltr'>cipere,</span> <span class='ocrx_word' id='word_1_87' title='bbox 542 1643 615 1703; x_wconf 90' lang='lat' dir='ltr'>quor</span> <span class='ocrx_word' id='word_1_88' title='bbox 636 1644 697 1685; x_wconf 92' lang='lat' dir='ltr'>non</span> <span class='ocrx_word' id='word_1_89' title='bbox 718 1626 790 1684; x_wconf 84' lang='lat' dir='ltr'>dixti</span> <span class='ocrx_word' id='word_1_90' title='bbox 812 1626 958 1703; x_wconf 87' lang='lat' dir='ltr'>extemplo</span> <span class='ocrx_word' id='word_1_91' title='bbox 980 1628 1153 1704; x_wconf 74' lang='lat' dir='ltr'>Pimphiloi</span> 
     </span>
    </p>

    <p class='ocr_par' dir='ltr' id='par_1_11' title="bbox 184 1724 1174 1899">
     <span class='ocr_line' id='line_1_15' title="bbox 184 1724 1174 1800; baseline 0.003 -19"><span class='ocrx_word' id='word_1_92' title='bbox 184 1731 249 1783; x_wconf 87' lang='lat' dir='ltr'>DA.</span> <span class='ocrx_word' id='word_1_93' title='bbox 268 1724 342 1797; x_wconf 88' lang='lat' dir='ltr'>Quis</span> <span class='ocrx_word' id='word_1_94' title='bbox 363 1724 450 1800; x_wconf 85' lang='lat' dir='ltr'>igitur</span> <span class='ocrx_word' id='word_1_95' title='bbox 471 1741 538 1783; x_wconf 90' lang='lat' dir='ltr'>eum</span> <span class='ocrx_word' id='word_1_96' title='bbox 560 1726 596 1783; x_wconf 83' lang='lat' dir='ltr'>ab</span> <span class='ocrx_word' id='word_1_97' title='bbox 618 1724 666 1782; x_wconf 85' lang='lat' dir='ltr'>illa</span> <span class='ocrx_word' id='word_1_98' title='bbox 687 1724 832 1783; x_wconf 82' lang='lat' dir='ltr'>abstraxit</span> <span class='ocrx_word' id='word_1_99' title='bbox 846 1724 901 1783; x_wconf 88' lang='lat' dir='ltr'>nisi</span> <span class='ocrx_word' id='word_1_100' title='bbox 923 1728 1000 1800; x_wconf 87' lang='lat' dir='ltr'>ego?</span> <span class='ocrx_word' id='word_1_101' title='bbox 1021 1745 1088 1784; x_wconf 88' lang='lat' dir='ltr'>narn</span> <span class='ocrx_word' id='word_1_102' title='bbox 1109 1727 1174 1785; x_wconf 85' lang='lat' dir='ltr'>orn-</span> 
     </span>
     <span class='ocr_line' id='line_1_16' title="bbox 343 1821 610 1899; baseline -0.007 -18"><span class='ocrx_word' id='word_1_103' title='bbox 343 1841 395 1882; x_wconf 90' lang='lat' dir='ltr'>nes</span> <span class='ocrx_word' id='word_1_104' title='bbox 416 1821 471 1881; x_wconf 88' lang='lat' dir='ltr'>n6s</span> <span class='ocrx_word' id='word_1_105' title='bbox 492 1822 610 1899; x_wconf 90' lang='lat' dir='ltr'>quidem</span> 
     </span>
    </p>

    <p class='ocr_par' dir='ltr' id='par_1_12' title="bbox 185 1918 1175 2096">
     <span class='ocr_line' id='line_1_17' title="bbox 185 1918 1174 1998; baseline -0.001 -17"><span class='ocrx_word' id='word_1_106' title='bbox 185 1922 304 1992; x_wconf 85' lang='lat' dir='ltr'>Scimus,</span> <span class='ocrx_word' id='word_1_107' title='bbox 325 1938 413 1998; x_wconf 85' lang='lat' dir='ltr'>quam</span> <span class='ocrx_word' id='word_1_108' title='bbox 433 1921 536 1979; x_wconf 85' lang='lat' dir='ltr'>misere</span> <span class='ocrx_word' id='word_1_109' title='bbox 557 1918 632 1979; x_wconf 70' lang='lat' dir='ltr'>hinc</span> <span class='ocrx_word' id='word_1_110' title='bbox 653 1921 763 1982; x_wconf 84' lang='lat' dir='ltr'>amarit.</span> <span class='ocrx_word' id='word_1_111' title='bbox 805 1919 883 1981; x_wconf 86' lang='lat' dir='ltr'>ntinc</span> <span class='ocrx_word' id='word_1_112' title='bbox 904 1921 958 1980; x_wconf 92' lang='lat' dir='ltr'>sibi</span> <span class='ocrx_word' id='word_1_113' title='bbox 979 1939 1100 1982; x_wconf 87' lang='lat' dir='ltr'>uxorem</span> <span class='ocrx_word' id='word_1_114' title='bbox 1122 1920 1174 1980; x_wconf 73' lang='lat' dir='ltr'>ex-</span> 
     </span>
     <span class='ocr_line' id='line_1_18' title="bbox 343 2021 1175 2096; baseline 0.004 -19"><span class='ocrx_word' id='word_1_115' title='bbox 343 2021 422 2096; x_wconf 80' lang='lat' dir='ltr'>pelli.</span> <span class='ocrx_word' id='word_1_116' title='bbox 823 2042 826 2046; x_wconf 81' lang='grc'><em>’</em></span> <span class='ocrx_word' id='word_1_117' title='bbox 916 2044 924 2060; x_wconf 86' lang='grc'><em>·</em></span> <span class='ocrx_word' id='word_1_118' title='bbox 1038 2044 1070 2094; x_wconf 83' lang='lat'>40</span> <span class='ocrx_word' id='word_1_119' title='bbox 1114 2025 1175 2080; x_wconf 84' lang='lat'>520</span> 
     </span>
    </p>

    <p class='ocr_par' dir='ltr' id='par_1_13' title="bbox 183 2116 1145 2196">
     <span class='ocr_line' id='line_1_19' title="bbox 183 2116 1145 2196; baseline 0 -19"><span class='ocrx_word' id='word_1_120' title='bbox 183 2118 332 2177; x_wconf 83' lang='lat' dir='ltr'>Pdstremo</span> <span class='ocrx_word' id='word_1_121' title='bbox 353 2118 382 2176; x_wconf 95' lang='lat' dir='ltr'>id</span> <span class='ocrx_word' id='word_1_122' title='bbox 402 2118 473 2175; x_wconf 91' lang='lat' dir='ltr'>mihi</span> <span class='ocrx_word' id='word_1_123' title='bbox 494 2117 530 2176; x_wconf 77' lang='lat' dir='ltr'>dt</span> <span class='ocrx_word' id='word_1_124' title='bbox 552 2119 666 2194; x_wconf 86' lang='lat' dir='ltr'>negoti:</span> <span class='ocrx_word' id='word_1_125' title='bbox 687 2116 719 2178; x_wconf 83' lang='lat' dir='ltr'>tti</span> <span class='ocrx_word' id='word_1_126' title='bbox 739 2128 837 2178; x_wconf 90' lang='lat' dir='ltr'>tamen</span> <span class='ocrx_word' id='word_1_127' title='bbox 858 2118 935 2178; x_wconf 90' lang='lat' dir='ltr'>idem</span> <span class='ocrx_word' id='word_1_128' title='bbox 956 2118 1008 2178; x_wconf 88' lang='lat' dir='ltr'>has</span> <span class='ocrx_word' id='word_1_129' title='bbox 1030 2118 1145 2196; x_wconf 85' lang='lat' dir='ltr'>nriptias</span> 
     </span>
    </p>

    <p class='ocr_par' dir='ltr' id='par_1_14' title="bbox 183 2214 1090 2293">
     <span class='ocr_line' id='line_1_20' title="bbox 183 2214 1090 2293; baseline 0.002 -20"><span class='ocrx_word' id='word_1_130' title='bbox 183 2215 273 2292; x_wconf 73' lang='lat' dir='ltr'>Perge</span> <span class='ocrx_word' id='word_1_131' title='bbox 295 2216 389 2275; x_wconf 86' lang='lat' dir='ltr'>facere</span> <span class='ocrx_word' id='word_1_132' title='bbox 410 2217 449 2274; x_wconf 86' lang='lat' dir='ltr'>ita</span> <span class='ocrx_word' id='word_1_133' title='bbox 470 2214 501 2273; x_wconf 82' lang='lat' dir='ltr'>tit</span> <span class='ocrx_word' id='word_1_134' title='bbox 522 2215 613 2275; x_wconf 86' lang='lat' dir='ltr'>facis:</span> <span class='ocrx_word' id='word_1_135' title='bbox 636 2226 666 2276; x_wconf 92' lang='lat' dir='ltr'>et</span> <span class='ocrx_word' id='word_1_136' title='bbox 686 2215 715 2274; x_wconf 91' lang='lat' dir='ltr'>id</span> <span class='ocrx_word' id='word_1_137' title='bbox 737 2216 822 2293; x_wconf 75' lang='lat' dir='ltr'>spero</span> <span class='ocrx_word' id='word_1_138' title='bbox 842 2217 991 2276; x_wconf 81' lang='lat' dir='ltr'>adiuturds</span> <span class='ocrx_word' id='word_1_139' title='bbox 1012 2218 1090 2277; x_wconf 91' lang='lat' dir='ltr'>deos.</span> 
     </span>
    </p>

    <p class='ocr_par' dir='ltr' id='par_1_15' title="bbox 183 2298 1175 2493">
     <span class='ocr_line' id='line_1_21' title="bbox 183 2298 1175 2391; baseline 0.003 -19"><span class='ocrx_word' id='word_1_140' title='bbox 183 2321 229 2374; x_wconf 81' lang='lat' dir='ltr'>SI.</span> <span class='ocrx_word' id='word_1_141' title='bbox 251 2298 347 2373; x_wconf 79' lang='lat' dir='ltr'>immo</span> <span class='ocrx_word' id='word_1_142' title='bbox 368 2314 415 2371; x_wconf 86' lang='lat' dir='ltr'>abi</span> <span class='ocrx_word' id='word_1_143' title='bbox 435 2314 528 2373; x_wconf 89' lang='lat' dir='ltr'>intro:</span> <span class='ocrx_word' id='word_1_144' title='bbox 550 2314 590 2371; x_wconf 90' lang='lat' dir='ltr'>ibi</span> <span class='ocrx_word' id='word_1_145' title='bbox 611 2332 659 2372; x_wconf 91' lang='lat' dir='ltr'>me</span> <span class='ocrx_word' id='word_1_146' title='bbox 678 2314 811 2390; x_wconf 74' lang='lat' dir='ltr'>opperire</span> <span class='ocrx_word' id='word_1_147' title='bbox 829 2323 857 2372; x_wconf 90' lang='lat' dir='ltr'>et</span> <span class='ocrx_word' id='word_1_148' title='bbox 877 2314 957 2390; x_wconf 76' lang='lat' dir='ltr'>quod</span> <span class='ocrx_word' id='word_1_149' title='bbox 978 2327 1077 2391; x_wconf 84' lang='lat' dir='ltr'>parato</span> <span class='ocrx_word' id='word_1_150' title='bbox 1098 2334 1175 2391; x_wconf 88' lang='lat' dir='ltr'>opus</span> 
     </span>
     <span class='ocr_line' id='line_1_22' title="bbox 343 2408 1069 2493; baseline -0.001 -22"><span class='ocrx_word' id='word_1_151' title='bbox 343 2408 386 2472; x_wconf 60' lang='lat' dir='ltr'>ist</span> <span class='ocrx_word' id='word_1_152' title='bbox 406 2430 486 2488; x_wconf 85' lang='lat' dir='ltr'>para.</span> <span class='ocrx_word' id='word_1_153' title='bbox 568 2410 662 2488; x_wconf 75' lang='lat' dir='ltr'>(Exit</span> <span class='ocrx_word' id='word_1_154' title='bbox 672 2410 771 2470; x_wconf 82' lang='lat' dir='ltr'>Dauos</span> <span class='ocrx_word' id='word_1_155' title='bbox 784 2414 840 2468; x_wconf 71' lang='lat' dir='ltr'>inm</span> <span class='ocrx_word' id='word_1_156' title='bbox 852 2409 953 2470; x_wconf 82' lang='lat' dir='ltr'>Sz&#39;mo’s</span> <span class='ocrx_word' id='word_1_157' title='bbox 966 2410 1069 2493; x_wconf 77' lang='lat' dir='ltr'>house.)</span> 
     </span>
    </p>

    <p class='ocr_par' dir='ltr' id='par_1_16' title="bbox 182 2508 1016 2589">
     <span class='ocr_line' id='line_1_23' title="bbox 182 2508 1016 2589; baseline -0.002 -18"><span class='ocrx_word' id='word_1_158' title='bbox 182 2512 253 2571; x_wconf 92' lang='lat' dir='ltr'>Non</span> <span class='ocrx_word' id='word_1_159' title='bbox 273 2512 376 2589; x_wconf 85' lang='lat' dir='ltr'>inpulit</span> <span class='ocrx_word' id='word_1_160' title='bbox 395 2530 451 2583; x_wconf 91' lang='lat' dir='ltr'>me,</span> <span class='ocrx_word' id='word_1_161' title='bbox 473 2511 546 2570; x_wconf 85' lang='lat' dir='ltr'>haec</span> <span class='ocrx_word' id='word_1_162' title='bbox 568 2508 646 2570; x_wconf 82' lang='lat' dir='ltr'>ntinc</span> <span class='ocrx_word' id='word_1_163' title='bbox 668 2511 788 2570; x_wconf 92' lang='lat' dir='ltr'>omnino</span> <span class='ocrx_word' id='word_1_164' title='bbox 809 2519 840 2568; x_wconf 92' lang='lat' dir='ltr'>ut</span> <span class='ocrx_word' id='word_1_165' title='bbox 861 2509 1016 2570; x_wconf 75' lang='lat' dir='ltr'>crederem.</span> 
     </span>
    </p>

    <p class='ocr_par' dir='ltr' id='par_1_17' title="bbox 178 2607 1175 2688">
     <span class='ocr_line' id='line_1_24' title="bbox 178 2607 1175 2688; baseline -0.003 -17"><span class='ocrx_word' id='word_1_166' title='bbox 178 2613 278 2688; x_wconf 50' lang='lat' dir='ltr'>,Atque</span> <span class='ocrx_word' id='word_1_167' title='bbox 297 2609 375 2669; x_wconf 85' lang='lat' dir='ltr'>hatid</span> <span class='ocrx_word' id='word_1_168' title='bbox 396 2612 457 2670; x_wconf 89' lang='lat' dir='ltr'>scio</span> <span class='ocrx_word' id='word_1_169' title='bbox 478 2629 516 2669; x_wconf 90' lang='lat' dir='ltr'>an</span> <span class='ocrx_word' id='word_1_170' title='bbox 538 2628 611 2687; x_wconf 86' lang='lat' dir='ltr'>quae</span> <span class='ocrx_word' id='word_1_171' title='bbox 632 2610 704 2668; x_wconf 83' lang='lat' dir='ltr'>dixit</span> <span class='ocrx_word' id='word_1_172' title='bbox 724 2610 782 2667; x_wconf 91' lang='lat' dir='ltr'>sint</span> <span class='ocrx_word' id='word_1_173' title='bbox 802 2627 868 2667; x_wconf 85' lang='lat' dir='ltr'>vera</span> <span class='ocrx_word' id='word_1_174' title='bbox 888 2607 994 2668; x_wconf 78' lang='lat' dir='ltr'>omnia.</span> <span class='ocrx_word' id='word_1_175' title='bbox 1038 2634 1069 2682; x_wconf 80' lang='lat'>45</span> <span class='ocrx_word' id='word_1_176' title='bbox 1114 2613 1175 2668; x_wconf 82' lang='lat'>525</span> 
     </span>
    </p>

    <p class='ocr_par' dir='ltr' id='par_1_18' title="bbox 184 2707 997 2786">
     <span class='ocr_line' id='line_1_25' title="bbox 184 2707 997 2786; baseline -0.005 -18"><span class='ocrx_word' id='word_1_177' title='bbox 184 2710 240 2769; x_wconf 89' lang='lat' dir='ltr'>Sed</span> <span class='ocrx_word' id='word_1_178' title='bbox 260 2709 338 2786; x_wconf 69' lang='lat' dir='ltr'>pitrvi</span> <span class='ocrx_word' id='word_1_179' title='bbox 359 2710 473 2786; x_wconf 90' lang='lat' dir='ltr'>pendo:</span> <span class='ocrx_word' id='word_1_180' title='bbox 495 2707 566 2768; x_wconf 87' lang='lat' dir='ltr'>illtid</span> <span class='ocrx_word' id='word_1_181' title='bbox 587 2708 657 2766; x_wconf 91' lang='lat' dir='ltr'>mihi</span> <span class='ocrx_word' id='word_1_182' title='bbox 677 2709 769 2766; x_wconf 89' lang='lat' dir='ltr'>multo</span> <span class='ocrx_word' id='word_1_183' title='bbox 790 2707 997 2775; x_wconf 71' lang='lat' dir='ltr'>minumumst,</span> 
     </span>
    </p>

    <p class='ocr_par' dir='ltr' id='par_1_19' title="bbox 183 2803 1070 2884">
     <span class='ocr_line' id='line_1_26' title="bbox 183 2803 1070 2884; baseline -0.005 -19"><span class='ocrx_word' id='word_1_184' title='bbox 183 2808 273 2880; x_wconf 88' lang='lat' dir='ltr'>Quod</span> <span class='ocrx_word' id='word_1_185' title='bbox 293 2807 363 2865; x_wconf 84' lang='lat' dir='ltr'>milri</span> <span class='ocrx_word' id='word_1_186' title='bbox 383 2808 537 2884; x_wconf 84' lang='lat' dir='ltr'>pollicitust</span> <span class='ocrx_word' id='word_1_187' title='bbox 559 2808 638 2883; x_wconf 88' lang='lat' dir='ltr'>ipsus</span> <span class='ocrx_word' id='word_1_188' title='bbox 660 2816 774 2883; x_wconf 86' lang='lat' dir='ltr'>gnatus.</span> <span class='ocrx_word' id='word_1_189' title='bbox 816 2803 893 2864; x_wconf 89' lang='lat' dir='ltr'>ruine</span> <span class='ocrx_word' id='word_1_190' title='bbox 915 2804 1070 2863; x_wconf 89' lang='lat' dir='ltr'>Chremem</span> 
     </span>
    </p>

    <p class='ocr_par' dir='ltr' id='par_1_20' title="bbox 183 2903 955 2981">
     <span class='ocr_line' id='line_1_27' title="bbox 183 2903 955 2981; baseline -0.003 -18"><span class='ocrx_word' id='word_1_191' title='bbox 183 2903 380 2963; x_wconf 75' lang='lat' dir='ltr'>Conveniam:</span> <span class='ocrx_word' id='word_1_192' title='bbox 402 2907 494 2965; x_wconf 90' lang='lat' dir='ltr'>orabo</span> <span class='ocrx_word' id='word_1_193' title='bbox 515 2904 604 2981; x_wconf 75' lang='lat' dir='ltr'>guito</span> <span class='ocrx_word' id='word_1_194' title='bbox 624 2923 765 2963; x_wconf 88' lang='lat' dir='ltr'>uxorem:</span> <span class='ocrx_word' id='word_1_195' title='bbox 788 2904 811 2961; x_wconf 94' lang='lat' dir='ltr'>si</span> <span class='ocrx_word' id='word_1_196' title='bbox 834 2905 955 2979; x_wconf 88' lang='lat' dir='ltr'>inpetr0,</span> 
     </span>
    </p>

    <p class='ocr_par' dir='ltr' id='par_1_21' title="bbox 183 2999 1000 3080">
     <span class='ocr_line' id='line_1_28' title="bbox 183 2999 1000 3080; baseline 0 -20"><span class='ocrx_word' id='word_1_197' title='bbox 183 3002 263 3074; x_wconf 92' lang='lat' dir='ltr'>Quid</span> <span class='ocrx_word' id='word_1_198' title='bbox 284 3002 352 3061; x_wconf 67' lang='lat' dir='ltr'>eilias</span> <span class='ocrx_word' id='word_1_199' title='bbox 373 3004 471 3061; x_wconf 87' lang='lat' dir='ltr'>malim</span> <span class='ocrx_word' id='word_1_200' title='bbox 493 3022 579 3080; x_wconf 83' lang='lat' dir='ltr'>quam</span> <span class='ocrx_word' id='word_1_201' title='bbox 601 3003 689 3061; x_wconf 87' lang='lat' dir='ltr'>h6die</span> <span class='ocrx_word' id='word_1_202' title='bbox 709 3002 762 3060; x_wconf 88' lang='lat' dir='ltr'>has</span> <span class='ocrx_word' id='word_1_203' title='bbox 784 3002 844 3059; x_wconf 82' lang='lat' dir='ltr'>sieri</span> <span class='ocrx_word' id='word_1_204' title='bbox 865 2999 1000 3077; x_wconf 77' lang='lat' dir='ltr'>nuptias?</span> 
     </span>
    </p>

    <p class='ocr_par' dir='ltr' id='par_1_22' title="bbox 183 3097 1176 3177">
     <span class='ocr_line' id='line_1_29' title="bbox 183 3097 1176 3177; baseline -0.002 -18"><span class='ocrx_word' id='word_1_205' title='bbox 183 3100 261 3159; x_wconf 87' lang='lat' dir='ltr'>Nam</span> <span class='ocrx_word' id='word_1_206' title='bbox 282 3100 386 3176; x_wconf 75' lang='lat' dir='ltr'>gnitus</span> <span class='ocrx_word' id='word_1_207' title='bbox 407 3101 486 3177; x_wconf 91' lang='lat' dir='ltr'>quod</span> <span class='ocrx_word' id='word_1_208' title='bbox 506 3100 670 3176; x_wconf 89' lang='lat' dir='ltr'>pollicitust,</span> <span class='ocrx_word' id='word_1_209' title='bbox 692 3100 769 3158; x_wconf 86' lang='lat' dir='ltr'>haud</span> <span class='ocrx_word' id='word_1_210' title='bbox 789 3097 936 3157; x_wconf 76' lang='lat' dir='ltr'>dubiumst</span> <span class='ocrx_word' id='word_1_211' title='bbox 957 3098 1035 3168; x_wconf 90' lang='lat' dir='ltr'>mihi,</span> <span class='ocrx_word' id='word_1_212' title='bbox 1060 3122 1091 3171; x_wconf 80' lang='lat'>50</span> <span class='ocrx_word' id='word_1_213' title='bbox 1114 3104 1176 3157; x_wconf 82' lang='lat'>530</span> 
     </span>
    </p>

    <p class='ocr_par' dir='ltr' id='par_1_23' title="bbox 185 3195 885 3274">
     <span class='ocr_line' id='line_1_30' title="bbox 185 3195 885 3274; baseline 0.001 -19"><span class='ocrx_word' id='word_1_214' title='bbox 185 3198 214 3255; x_wconf 90' lang='lat' dir='ltr'>Si</span> <span class='ocrx_word' id='word_1_215' title='bbox 235 3198 314 3269; x_wconf 82' lang='lat' dir='ltr'>ndlit,</span> <span class='ocrx_word' id='word_1_216' title='bbox 336 3199 406 3274; x_wconf 92' lang='lat' dir='ltr'>quin</span> <span class='ocrx_word' id='word_1_217' title='bbox 427 3217 494 3256; x_wconf 91' lang='lat' dir='ltr'>eum</span> <span class='ocrx_word' id='word_1_218' title='bbox 515 3195 618 3259; x_wconf 73' lang='lat' dir='ltr'>merito</span> <span class='ocrx_word' id='word_1_219' title='bbox 638 3200 749 3274; x_wconf 92' lang='lat' dir='ltr'>possim</span> <span class='ocrx_word' id='word_1_220' title='bbox 771 3199 885 3273; x_wconf 75' lang='lat' dir='ltr'>cogere.</span> 
     </span>
    </p>

    <p class='ocr_par' dir='ltr' id='par_1_24' title="bbox 183 3295 1043 3377">
     <span class='ocr_line' id='line_1_31' title="bbox 183 3295 1043 3377; baseline -0.002 -20"><span class='ocrx_word' id='word_1_221' title='bbox 183 3299 279 3377; x_wconf 88' lang='lat' dir='ltr'>Atque</span> <span class='ocrx_word' id='word_1_222' title='bbox 300 3297 373 3357; x_wconf 77' lang='lat' dir='ltr'>tideo</span> <span class='ocrx_word' id='word_1_223' title='bbox 394 3298 423 3354; x_wconf 91' lang='lat' dir='ltr'>in</span> <span class='ocrx_word' id='word_1_224' title='bbox 444 3297 508 3373; x_wconf 87' lang='lat' dir='ltr'>ipso</span> <span class='ocrx_word' id='word_1_225' title='bbox 531 3296 660 3373; x_wconf 75' lang='lat' dir='ltr'>ternpore</span> <span class='ocrx_word' id='word_1_226' title='bbox 681 3316 782 3355; x_wconf 89' lang='lat' dir='ltr'>eccum</span> <span class='ocrx_word' id='word_1_227' title='bbox 803 3297 899 3373; x_wconf 92' lang='lat' dir='ltr'>ipsum</span> <span class='ocrx_word' id='word_1_228' title='bbox 921 3295 1043 3355; x_wconf 77' lang='lat' dir='ltr'>obviam</span> 
     </span>
    </p>
   </div>
   <div class='ocr_carea' id='block_1_3' title="bbox 611 3484 759 3496">
    <p class='ocr_par' dir='ltr' id='par_1_25' title="bbox 611 3484 759 3496">
     <span class='ocr_line' id='line_1_32' title="bbox 611 3484 759 3496; baseline 0.02 -3"><span class='ocrx_word' id='word_1_229' title='bbox 611 3484 759 3496; x_wconf 73' lang='lat'>——-</span> 
     </span>
    </p>
   </div>
   <div class='ocr_carea' id='block_1_4' title="bbox 0 0 1304 3959">
    <p class='ocr_par' dir='ltr' id='par_1_26' title="bbox 0 0 1304 3959">
     <span class='ocr_line' id='line_1_33' title="bbox 0 0 1304 3959; baseline 0 0"><span class='ocrx_word' id='word_1_230' title='bbox 0 0 1304 3959; x_wconf 95' lang='lat' dir='ltr'> </span> 
     </span>
    </p>
   </div>
  </div>
 </body>
</html>
