2600 3959
157 296 179 346 1.
191 296 214 348 s.
226 308 300 361 r-u·
568 292 745 350 Annum.
1100 274 1146 371 '13

155 452 286 512 Vxerem
307 452 435 513 decrerit
455 454 523 512 dare
545 472 609 513 sese
630 455 671 518 mi
691 454 798 514 hedie:
820 474 920 515 nonne
940 456 1068 533 opertuit

156 550 318 610 Praescisse
338 569 386 609 me
408 554 493 611 ante?
515 552 615 612 nenne
636 554 717 629 prius
733 552 980 613 commninicatum
1001 554 1147 631 opertuit?

155 656 231 707 MY.
253 648 373 729 (Aside.)
395 647 533 709 Miseritm
555 668 611 722 me,
633 651 713 728 quod
733 653 852 710 verbum
874 650 983 711 aridio?
1031 677 1044 726 5
1088 658 1147 711 240

156 755 220 806 PA.
251 747 351 819 Quid?
377 747 524 818 Chremes,
539 748 589 825 qui
609 747 766 823 denegarat
785 748 815 807 se
835 748 1057 809 commissunim
1077 750 1148 808 mihi

157 843 283 904 Gnetam
312 863 394 904 suam
423 864 553 918 uxorem,
584 846 614 904 id
643 847 770 918 mutavit,
800 848 869 923 quia
899 866 947 906 me
975 845 1147 906 inmutatum

317 944 411 1002 videt?

155 1042 238 1102 Itane
267 1041 409 1101 ebstinate
439 1040 558 1116 operem
582 1040 640 1112 dat,
666 1050 696 1100 ut
724 1052 772 1100 me
802 1060 819 1100 a
849 1041 983 1119 Glycerio
1011 1044 1146 1102 miserum

317 1139 483 1198 abstrahat?

156 1238 244 1310 Quod
265 1239 291 1297 si
312 1238 351 1309 fit,
373 1256 460 1313 pereo
482 1234 619 1297 funditus

155 1324 262 1397 Adeon
282 1336 431 1394 hominem
447 1352 510 1393 esse
530 1336 715 1394 invenustum
731 1347 779 1396 aut
800 1336 941 1398 infelicem
960 1338 1146 1416 quemquam,

316 1443 347 1491 ut
367 1451 424 1509 ego
445 1434 527 1491 sumi
1016 1460 1045 1495 10
1087 1440 1145 1493 245

155 1532 212 1592 Pr6
234 1533 320 1591 deum
341 1541 427 1608 atque
448 1529 601 1590 hominum
622 1531 726 1591 fidem!

155 1629 265 1689 Nrillon
286 1648 342 1706 ego
364 1628 525 1689 Chremetis
546 1639 633 1705 pacto
655 1629 835 1689 adfinitatem
856 1628 983 1708 effligere
1003 1633 1127 1707 potero?

155 1727 236 1801 Qnet
260 1727 356 1787 modis
381 1726 573 1804 contemptus,
601 1730 731 1804 spretus!
756 1727 839 1800 fecta,
868 1738 1012 1788 transacta
1029 1730 1145 1788 emnia!

315 1825 396 1885 hem!

155 1924 335 2001 Repudiatus
360 1922 492 2001 repetor:
522 1941 611 2000 quam
636 1925 677 1982 ob
701 1925 782 1982 rem?
812 1923 868 1981 nisi
893 1924 917 1983 si
941 1923 970 1983 id
994 1934 1045 1997 est,
1068 1925 1147 2002 quod

316 2020 460 2098 suspicor:

154 2108 273 2199 Aliquid
293 2121 413 2179 monstri
435 2117 534 2179 alunt:
556 2138 590 2178 ea
611 2120 750 2198 quoniam
775 2118 884 2178 nemini
907 2120 1023 2179 obtrudi
1042 2131 1145 2197 potest,

1016 2242 1044 2291 15
1087 2223 1145 2278 250

154 2300 216 2376 itur
233 2318 346 2376 adme.
381 2320 456 2373 m.
471 2312 593 2393 (Aside.)
613 2312 715 2374 Oretio
733 2314 805 2373 haec
825 2334 872 2374 me
891 2316 1027 2375 miseram
1046 2316 1146 2374 exani·

315 2414 403 2472 mavit
424 2421 510 2471 metu.

154 2522 219 2574 PA.
241 2511 319 2571 Nam
341 2511 411 2589 quid
431 2529 487 2587 ego
508 2509 603 2569 dicam
625 2508 662 2567 de
683 2511 784 2585 patre?
812 2508 851 2569 ah

154 2610 319 2671 Tantimne
339 2627 401 2669 rem
423 2619 483 2667 tam
505 2607 693 2685 neglegenter
713 2606 816 2684 egere!
839 2606 1013 2684 praeteriens
1034 2610 1125 2670 modo

154 2708 199 2770 Mi
227 2706 306 2786 aprid
336 2707 431 2767 iorum
461 2711 552 2766 ‘uxor
580 2707 631 2765 tibi
656 2706 825 2780 ducendast,
851 2706 1010 2783 Pemphile,
1040 2708 1145 2767 hudie'

314 2808 415 2885 inquit,
438 2809 446 2836 ‘
455 2823 544 2882 para:

153 2907 212 2968 Abi
233 2905 372 2965 domum!
399 2904 430 2962 id
453 2903 523 2961 mihi
544 2903 633 2961 visust
657 2901 753 2961 dicere
775 2903 842 2960 ‘abi
863 2902 921 2961 cito
943 2921 978 2963 ac
999 2904 1145 2982 suspende

314 3000 358 3063 tes
711 3027 713 3030 ·
1012 3025 1042 3061 20
1085 3007 1144 3063 255

153 3088 308 3179 Obstipui:
329 3099 437 3160 censen
458 3117 506 3158 me
526 3101 645 3157 verbum
668 3097 797 3175 petuisse
817 3098 905 3158 ullum
927 3098 1081 3176 preloqui?

153 3200 213 3261 Aut
241 3218 357 3259 causam
381 3198 479 3269 ullam,
501 3196 630 3273 ineptam
656 3197 758 3255 saltem
783 3196 887 3255 selsam
911 3197 1060 3273 iniquam?
1092 3200 1145 3257 ob·

314 3294 413 3355 mutui.

154 3399 244 3473 Qued
268 3398 291 3456 si
310 3414 365 3471 ego
388 3394 540 3454 rescissem
561 3394 591 3453 id
613 3394 700 3471 priris,
715 3392 785 3469 quid
810 3390 942 3465 iacerem,
955 3393 1042 3469 siquis
1065 3412 1143 3456 nunc

314 3491 361 3552 me
385 3502 488 3571 roget:
