2600 3959
161 318 199 365 12
568 309 744 364 ANDRIA.
972 314 993 363 1.
1007 314 1030 364 3.
1044 313 1114 363 21-5.
1128 326 1150 361 a.

157 468 251 549 (Door
283 472 320 548 ns
348 470 530 549 Glycerzitm's
563 473 645 531 house
679 469 779 550 opens.)
824 472 881 531 Sed
916 472 1008 549 Mysis
1045 474 1082 531 ab
1117 492 1151 531 ea

320 568 468 646 egrlditur.
510 581 538 630 at
559 590 616 649 ego
638 572 705 632 hinc
727 591 774 630 me
795 571 832 630 ad
853 572 955 630 forum.

158 667 339 726 Convlniam
361 666 554 745 Pamphiltim,
568 687 614 728 me
639 670 677 729 de
701 669 756 729 hac
783 688 813 728 re
841 670 922 745 pater
949 670 1151 746 inprudentem

319 765 472 841 6pprimat.
834 762 928 845 (Exit
947 764 1069 845 Danas.)

559 882 755 895 ————-

601 1017 657 1077 SC.
680 1024 707 1078 4.

583 1157 722 1209 mam.
788 1229 790 1233 ι

159 1271 263 1355 (Enler
280 1271 375 1350 Mysis
379 1273 466 1350 from
489 1272 671 1349 Glycerznm's
689 1275 778 1331 house.
820 1273 954 1351 Sloppzng
969 1281 1002 1333 al
1015 1275 1060 1333 lle
1075 1275 1150 1344 door,

403 1372 450 1429 sle
469 1370 565 1445 speaks
584 1378 610 1428 lo
626 1370 763 1433 Archalla
782 1371 904 1450 walliz‘n.)

161 1469 276 1541 Atdivi,
297 1468 429 1539 Archilis‚
450 1469 508 1527 iam
529 1468 658 1527 dudum:
679 1467 816 1527 Llsbiam
837 1471 945 1529 adduci
964 1471 1054 1530 iubet.

162 1567 238 1627 sane
258 1567 307 1644 pol
325 1567 374 1626 illa
395 1566 577 1625 tlmulentast
598 1564 701 1625 mtilier
721 1577 750 1626 et
771 1567 921 1627 temeraria

161 1667 190 1726 N
192 1666 225 1726 lc
245 1668 312 1725 satis
331 1666 426 1742 digna,
437 1666 508 1742 quoi
520 1665 686 1724 committas
699 1666 794 1743 primo
809 1678 892 1743 partu
906 1665 1067 1725 mitterem:
1091 1670 1150 1726 230

159 1766 274 1826 Tamen
289 1784 353 1825 eam
368 1764 527 1824 adducam?
543 1763 643 1842 (After
652 1784 671 1823 a
679 1777 773 1841 pause,
782 1768 900 1842 turning
913 1774 939 1825 lo
949 1768 993 1825 tte
1003 1766 1150 1845 audience.)

320 1863 555 1941 inportunitatem
576 1874 703 1940 spectate
723 1864 871 1924 aniculae:

161 1963 239 2035 Quia
259 1962 422 2039 compotrix
443 1962 505 2021 lius
526 1971 576 2021 est
607 1963 644 2034 di,
667 1961 733 2021 date
754 1963 916 2023 facultatem
937 1965 1059 2023 6bseero
1135 1988 1149 2038 5

161 2061 240 2119 Huic
261 2060 396 2136 pariundi
416 2069 501 2136 atque
523 2060 563 2118 ssli
583 2060 613 2118 in
635 2060 697 2119 aliis
718 2061 814 2137 patius
834 2062 976 2138 peccandi
994 2062 1100 2121 iocum.

161 2156 271 2237 (Turns
305 2158 364 2216 and
395 2177 448 2216 sees
476 2158 646 2234 Pamphilus
674 2160 782 2235 coming
815 2157 872 2238 on.)
917 2159 975 2218 Sed
1009 2159 1150 2237 quidnam

322 2255 505 2332 Pamphilum
526 2256 725 2315 lxanimatum
745 2257 844 2318 video?
865 2276 965 2317 vereor
985 2258 1055 2334 quid
1075 2258 1136 2315 siet.

162 2352 314 2432 Oppiriar,
335 2363 366 2412 ut
387 2352 477 2413 seiam
499 2354 641 2433 numquid
662 2373 732 2414 nam
753 2356 825 2415 haec
845 2354 929 2415 tirba
949 2356 1078 2415 tristitiae
1100 2354 1151 2413 ad-

323 2450 403 2512 ferat.
597 2502 601 2511 ,
1090 2458 1149 2513 235
1263 2425 1292 2457 ⁰

567 2594 754 2606 ...-

604 2711 659 2771 SC.
682 2719 709 2771 5.

435 2869 691 2920 PAMPHILVS.
735 2869 873 2921 MYSIS.

160 3006 263 3085 (Euler
282 3010 451 3086 Pamphilus
465 3012 549 3087 from
569 3012 613 3069 lle
625 3013 756 3089 sorum,·
776 3010 872 3086 Mysis
892 3011 967 3087 keeps
986 3017 1035 3069 out
1052 3012 1090 3086 af
1106 3012 1153 3069 nis

455 3127 519 3183 way
539 3115 570 3167 al
587 3129 606 3168 a
627 3110 697 3166 little
716 3107 858 3186 distance.)

158 3212 224 3264 PA.
249 3204 478 3285 (Pnsn'onalely.)
505 3206 648 3265 Hacinlst
674 3207 832 3265 humanum
854 3205 961 3265 fletum
982 3216 1031 3265 aut
1052 3207 1151 3283 incep-

321 3306 403 3363 tum?
424 3305 553 3364 h6cinest
574 3303 701 3363 officitim
721 3306 828 3381 patris?

157 3408 235 3462 MY.
257 3400 378 3482 (Aside.)
399 3401 479 3474 Quid
500 3403 572 3462 iilud
593 3405 654 3461 est?
690 3410 754 3462 ΡΑ.
776 3402 833 3461 Pro
855 3401 942 3462 detim
965 3404 1061 3477 fidem,
1082 3403 1152 3481 quid

322 3504 373 3572 ist,
396 3500 419 3559 si
440 3499 512 3560 hale
532 3518 593 3559 non
614 3500 834 3561 contumiliast?
