2600 3959
211 304 230 364 6
273 317 281 333 “
621 312 797 368 ANDRIA.
1037 310 1195 373 1.1.45-s3.

210 474 327 547 Coacta,
348 477 463 553 egregia
484 477 577 537 f6rma
597 488 682 555 atque
704 486 795 536 aetate
817 476 936 552 integra
1165 494 1196 543 45

210 582 266 634 ΒΟ.
289 573 515 656 (Interruptr'ng.)
536 576 580 647 Ei,
594 576 694 635 vereor
713 575 820 652 nequid
834 561 946 633 Andria
966 569 1099 650 adporte't
1120 568 1196 628 mali.

209 681 255 732 SI.
277 673 375 731 Primo
395 673 466 732 haec
487 674 593 750 pudice
614 676 702 732 vitam
722 693 810 749 parce
831 692 866 732 ac
888 670 995 731 diriter

207 770 329 847 Agebat,
349 772 416 830 lana
436 791 470 831 ac
490 773 547 831 tela
567 773 674 830 victum
695 771 863 849 quaeritans.
1159 772 1197 825 75

208 868 267 939 Qui
287 879 348 927 tum
368 870 446 928 illam
467 872 612 941 amabant,
633 870 712 943 sdrte,
735 870 774 927 ita
794 880 826 927 ut
846 870 886 938 fit,
908 869 1000 927 filium
1158 868 1198 924 80

207 965 367 1027 Perddxere
388 970 462 1040 illuc,
485 969 583 1028 secum
604 980 636 1028 ut
657 989 715 1029 una
735 969 818 1042 esset,
839 987 946 1027 meum.

205 1064 332 1141 Egomet
352 1068 489 1127 continuo
509 1067 624 1127 mecum
646 1074 737 1127 ‘certe
759 1068 859 1145 ciptus
880 1077 939 1127 est:
1166 1086 1198 1136 55

207 1164 322 1225 Habet!
344 1166 533 1225 dbservabam
554 1166 640 1226 mine
662 1168 775 1226 iliomm
797 1166 924 1227 servolos

206 1261 357 1323 Venie'ntis
377 1275 426 1323 aut
447 1263 596 1324 abeuntis:
617 1267 780 1341 rogitabam
802 1262 891 1323 ‘heris
912 1282 993 1340 puer,

206 1358 261 1418 Dic
283 1361 375 1432 s6deS,
397 1362 466 1438 quid
487 1362 549 1421 heri
570 1362 770 1440 Pimphilusi'
793 1363 900 1439 ‘quidi
923 1360 1086 1437 symbolam

206 1458 302 1530 Dedit,
323 1458 451 1519 cenavit!
493 1460 665 1537 gaudebam.
708 1463 777 1520 item
798 1462 856 1521 alid
879 1461 925 1520 die

207 1558 409 1630 Quaerebam:
433 1559 647 1636 comperiebam
669 1561 708 1619 nil
729 1561 766 1620 ad
787 1560 971 1636 Pimphilum
1157 1559 1198 1613 90

206 1656 370 1734 Quicquam
391 1658 517 1719 attinere.
559 1658 706 1718 enimvero
727 1656 888 1735 spectauim
910 1659 977 1715 satis

205 1755 346 1816 Putabam
366 1769 395 1817 et
413 1777 552 1834 magnum
573 1758 740 1833 exemplum
760 1756 971 1817 continentiae:
1164 1761 1197 1825 ⁶5

206 1854 283 1914 Nam
303 1856 355 1932 qui
375 1875 442 1915 cum
462 1846 586 1933 ingeniis
607 1857 787 1915 c6nflictatur
807 1834 869 1913 eius
890 1854 971 1913 modi

206 1951 310 2031 Neque
331 1954 529 2014 cdmmovetur
550 1954 663 2013 inimus
685 1955 714 2011 in
736 1973 771 2013 ea
791 1953 822 2012 re
843 1963 950 2022 tamen,

208 2050 287 2111 Scias
307 2053 393 2128 p6sse
413 2054 518 2113 habere
540 2054 597 2110 iam
618 2054 714 2130 ipsum
736 2071 804 2111 suae
825 2049 898 2109 vitae
919 2050 1050 2109 modum.
1157 2052 1197 2107 95

206 2150 304 2222 Quom
326 2151 355 2209 id
375 2151 446 2209 mihi
466 2152 605 2228 placebat,
626 2162 688 2209 tum
709 2148 768 2211 tino
789 2168 840 2209 ore
861 2167 964 2207 omnes
985 2149 1084 2207 6mnia

206 2247 290 2307 Bona
310 2249 404 2308 dicere
425 2260 453 2308 et
470 2249 586 2308 laudire
607 2249 735 2308 fortunas
755 2267 845 2319 meas,
1167 2266 1198 2319 70

206 2340 264 2413 Qui
285 2340 405 2418 gnatum
422 2343 558 2401 haberem
579 2342 628 2401 tali
649 2344 766 2417 ingenio
787 2341 955 2418 praeditum.

206 2439 284 2511 Quid
305 2440 398 2499 verbis
419 2459 491 2517 opus
513 2442 576 2499 est?
617 2439 673 2498 hac
694 2440 772 2498 fama
793 2438 922 2514 inpulsus
944 2438 1083 2498 Chremes

206 2538 288 2596 Vltro
309 2536 347 2597 ad
367 2557 414 2598 me
434 2539 519 2609 venit,
536 2536 653 2596 unicam
674 2537 793 2614 gnatdm
814 2555 898 2595 suam
1137 2541 1195 2595 100

206 2635 281 2695 Cum
303 2636 370 2695 d6te
391 2654 504 2695 summa
525 2636 585 2695 filio
605 2654 728 2695 uxorem
749 2634 780 2694 tit
801 2636 889 2695 daret.

204 2734 331 2792 Placuit:
356 2734 516 2810 despondi:
537 2734 584 2793 hic
606 2732 712 2809 miptiis
734 2733 839 2792 dicuist
861 2735 929 2793 dies.
1165 2755 1194 2808 75

204 2841 261 2893 So.
284 2832 363 2905 Quid
384 2834 471 2909 igitur
491 2836 594 2904 obstat,
617 2833 691 2910 qudr
711 2852 772 2891 non
792 2834 881 2891 fiant?
922 2841 970 2891 st.
993 2830 1110 2891 Atidies.

204 2932 306 2991 Ferme
328 2932 357 2990 in
378 2933 480 2991 diebus
501 2931 611 3008 paucis
633 2933 737 3008 quibus
758 2931 830 2990 haee
851 2931 916 2990 acta
935 2943 1010 3003 sunt,

205 3030 323 3106 Chrysis
343 3032 436 3091 vicina
457 3030 528 3089 haec
550 3031 678 3089 muritur.
720 3037 778 3089 ΒΟ.
800 3030 828 3089 O
850 3028 958 3088 factum
980 3031 1070 3090 bene!
1137 3035 1194 3090 105
1282 3029 1283 3084 i

204 3128 318 3188 Bessti:
340 3127 547 3208 (Knowz'ngly,)
568 3130 657 3187 metui
678 3147 696 3186 a
717 3127 864 3203 Chryside.
899 3136 947 3186 SI.
970 3128 1014 3186 Ibi
1035 3138 1096 3186 tum
1118 3128 1195 3187 iilius

205 3228 280 3287 Cum
295 3228 357 3299 illis,
372 3228 420 3304 qui
435 3229 570 3285 amabant
585 3226 765 3303 Chrysidem,
780 3243 839 3283 una
854 3225 952 3284 aderat
966 3225 1119 3303 frequens:
1162 3238 1195 3285 80

206 3326 332 3385 Curabat
351 3344 411 3384 una
432 3323 537 3384 funus:
559 3326 644 3383 tristis
666 3326 788 3396 interim,

205 3425 275 3483 Non
295 3422 454 3500 numquam
476 3422 717 3482 conlacrumibat.
759 3423 866 3499 placuit
886 3431 947 3480 tum
970 3422 999 3481 id
1019 3424 1098 3482 mihi

206 3522 253 3580 Sic
274 3522 439 3597 edgitabam
461 3520 523 3580 ‘hic
544 3520 649 3597 parvae
671 3518 885 3581 consuetudinis
1135 3525 1192 3580 110

1266 3713 1281 3926 1
