2600 3959
79 279 83 286 '
169 300 211 365 30
568 287 744 343 ANDRIA.
972 288 1020 338 111.
1033 290 1056 339 3.
1071 288 1160 352 22-48.

170 459 216 513 SI.
239 450 373 511 Proiecto
394 452 435 509 sic
456 459 509 509 est.
552 458 618 509 ΘΗ.
642 451 690 509 Sic
711 449 805 508 hercle
826 459 858 508 ut
879 448 974 507 dicem
996 449 1064 506 tibi:

169 549 338 608 Amentium
360 550 417 608 irae
438 549 545 609 am6ris
566 549 752 625 integretiost.
1101 550 1160 606 555

170 656 217 708 ΒΙ.
239 648 327 720 Hem,
349 647 378 705 id
400 657 428 707 te
449 648 554 706 orout
575 659 641 706 ante
663 647 771 706 eemus.
813 646 884 705 dum
904 643 1018 723 tempus
1039 646 1131 716 datur,

169 746 306 824 Dumque
327 747 388 805 eius
408 746 507 805 lubido
527 744 671 805 occldsast
692 745 880 816 contumeliis,
1131 767 1162 816 ²5

71 852 73 857 ’
170 846 252 904 Prius
273 863 362 922 quam
383 844 485 904 herum
507 845 614 903 scelera
635 854 664 903 et
685 843 829 902 licrumae
850 842 991 903 confictae
1011 842 1085 902 dolis

170 941 344 1002 Reddricunt
365 944 495 1001 animum
517 941 667 1020 aegretum
689 942 727 1001 ad
746 941 982 1012 miseric6rdiam,

170 1042 300 1101 Vx6rem
321 1042 431 1101 demus.
473 1040 557 1117 spero
578 1038 785 1101 eonsuetridine
806 1050 836 1120 et
1103 1043 1163 1098 560

171 1144 316 1223 Conirigio
337 1147 444 1206 libereli
465 1144 638 1217 devinctrim,
662 1145 794 1217 Chreme,
877 1184 886 1202 .

170 1245 248 1304 Dein
269 1245 351 1304 idcile
372 1265 408 1305 ex
428 1246 482 1305 illis
503 1244 567 1305 sese
589 1244 767 1305 emersurrim
787 1246 879 1306 malis.
1132 1264 1167 1313 30

172 1352 238 1403 ΘΗ.
261 1343 328 1403 Tibi
350 1345 389 1402 ita
409 1344 465 1403 hoc
487 1344 613 1403 videtur:
635 1343 665 1403 et
686 1363 742 1422 ego
763 1363 824 1404 non
844 1360 932 1420 posse
952 1340 1074 1399 erbitror

172 1444 275 1521 Neque
294 1443 375 1500 illum
396 1441 471 1501 hene
492 1452 631 1519 perpetuo
652 1442 758 1501 habere
780 1460 874 1519 neque
894 1459 941 1499 me
963 1438 1080 1516 perpeti.

172 1550 220 1601 SI.
243 1541 302 1613 Qui
324 1542 381 1600 scis
402 1559 472 1617 ergo
493 1541 575 1612 istuc,
597 1541 653 1597 nisi
674 1540 814 1617 periclum
835 1538 955 1597 feceris?
1104 1541 1164 1597 565

174 1648 240 1699 ΘΗ.
261 1641 301 1699 At
318 1638 394 1699 istrie
415 1639 553 1715 periclum
573 1640 603 1697 in
624 1639 684 1697 iiiia
705 1640 767 1698 fieri
787 1649 909 1715 gravest.

173 1747 219 1798 SI.
242 1738 357 1815 Nempe
378 1738 603 1797 incommoditas
623 1736 748 1815 denique
769 1738 826 1796 huc
846 1738 943 1796 omnis
963 1738 1045 1809 redit,
1133 1759 1165 1809 55

174 1840 203 1898 Si
224 1838 343 1909 eveniat,
365 1836 446 1915 quod
466 1838 495 1895 di
516 1837 697 1913 prohibeant,
719 1836 866 1895 discessio,

173 1939 212 1996 At
233 1938 259 1995 si
278 1936 436 2013 corrigitur,
458 1935 529 2013 quet
549 1934 768 1995 commoditates
789 1934 872 1995 vide:

172 2036 319 2111 Principio
340 2035 434 2093 amico
456 2034 547 2091 issium
568 2035 732 2106 restitueris,
1106 2041 1166 2095 570

172 2134 243 2193 Tibi
263 2133 402 2210 generum
423 2133 539 2190 firmum
559 2142 588 2190 et
607 2132 683 2191 filiae
705 2132 834 2201 iuvenies
855 2133 955 2190 virum.

175 2239 240 2290 ΘΗ.
263 2228 406 2311 (J'z'eldr'ng
419 2232 533 2307 agarizst
544 2230 589 2287 tis
603 2230 683 2289 better
685 2227 854 2311 judgment.)
876 2230 956 2302 Quid
974 2231 1061 2289 istic?
1081 2233 1106 2289 si
1128 2234 1167 2292 ita

335 2330 406 2388 istuc
428 2328 556 2387 enimum
578 2329 689 2387 induxti
710 2348 774 2389 esse
795 2330 871 2402 ridle,
1131 2355 1167 2406 40

175 2429 253 2489 Nolo
273 2428 324 2487 tibi
344 2426 434 2486 ullum
456 2426 644 2485 commodum
665 2428 696 2485 in
716 2446 763 2488 me
785 2428 917 2491 clatidier.

176 2537 222 2587 SI.
245 2524 352 2585 Merite
373 2536 401 2584 te
422 2543 535 2601 semper
555 2524 685 2584 merrumi
705 2526 768 2597 feci,
791 2527 922 2589 Chreme.

176 2634 241 2685 ΘΗ.
264 2625 321 2683 Sed
343 2623 414 2701 quid
435 2624 500 2681 atsi
542 2631 589 2683 51.
611 2624 711 2695 Quid?
754 2632 821 2684 011.
843 2626 901 2698 Qui
921 2628 977 2686 scis
1007 2646 1058 2688 eos
1087 2645 1166 2686 nunc

337 2722 501 2781 discordare
522 2722 595 2780 inter
616 2725 667 2781 se?
1107 2732 1166 2784 575

177 2833 224 2883 SI.
245 2819 330 2898 Ipsris
350 2820 421 2877 mihi
442 2819 550 2890 Davos,
572 2821 621 2897 qui
642 2822 782 2881 intumust
803 2822 904 2883 eordm
925 2825 1062 2895 consiliis,
1078 2823 1166 2881 dixit:

175 2924 213 2981 Et
227 2924 251 2980 is
267 2920 337 2978 mihi
351 2919 452 2977 suadet
465 2917 580 2995 nuptias
595 2920 735 2996 quantum
750 2940 855 2999 queam
869 2935 901 2981 ut
911 2921 1060 2981 mattirem.
1107 2991 1110 2997 ¹
1134 2948 1167 2997 45

176 3020 256 3078 Num
277 3017 377 3076 censes
399 3017 511 3088 faceret,
533 3016 624 3075 filium
645 3019 699 3076 nisi
722 3020 806 3078 scitet
826 3021 929 3079 eadem
950 3020 1022 3080 haec
1044 3021 1135 3080 velle?

177 3118 253 3177 Tute
274 3116 348 3175 edeo
365 3116 423 3173 iam
444 3114 504 3173 eius
525 3117 612 3174 verba
633 3115 741 3178 addies.
783 3114 914 3198 (Callrng
935 3122 992 3178 2'nto
1005 3119 1051 3177 his
1063 3117 1167 3201 house.)

336 3214 416 3285 heus,
438 3223 553 3272 evocate
575 3215 632 3273 huc
654 3213 777 3275 Divom.

176 3314 271 3390 Atque
292 3310 414 3371 eccum:
437 3311 521 3370 video
543 3311 638 3388 ipsrim
659 3313 735 3372 soras
756 3316 842 3377 exire.

606 3495 756 3507 ι*
