2600 3959
179 286 221 355 50
584 283 760 340 ANDRIA.
1001 286 1033 337 V.
1045 289 1068 338 4.
1082 286 1167 350 16-34

180 455 226 507 ΕΙ.
248 446 446 525 Sycophanta!
470 455 530 507 GR.
553 446 647 507 Hem!
673 456 740 507 011.
759 447 815 521 Sic,
833 448 923 520 crito,
938 458 981 507 est
994 447 1059 508 hic:
1078 450 1169 506 mitte.

339 553 401 605 OB.
430 543 649 624 (Indz'gnanlly.)
678 546 783 604 Videat
803 548 855 622 qui
875 547 936 605 siet.

181 644 213 702 Si
234 643 303 703 mihi
316 652 416 721 perget
430 642 578 721 quae-volt
593 645 696 715 dicere,
711 643 746 702 ea
760 662 834 721 quae
849 663 910 703 non
924 644 983 704 volt
995 643 1100 704 audiet.
1110 648 1170 703 920

179 725 245 818 Ego
267 744 355 802 istaec
379 760 482 802 moveo
504 751 553 801 aut
576 740 667 802 edroi
694 760 754 801 non
777 751 808 800 tu
830 742 912 802 tuom
939 743 1049 802 malum
1075 759 1170 820 aequo

340 840 438 900 animo
459 841 554 901 ieresi
627 850 628 856 ’

180 938 259 997 Nam
272 938 328 1015 ego
338 957 415 1015 ¹quae
430 940 496 999 dico
510 939 578 999 vera
591 958 629 998 an
643 939 716 999 falsa
729 940 878 1012 audierim,
893 940 952 999 iam
965 939 1034 1001 seiri
1046 948 1150 1015 potest.

179 1024 291 1097 Atticus
305 1036 423 1114 quidam
437 1038 506 1097 olim
520 1056 592 1097 nave
607 1037 697 1097 fracta
710 1039 748 1096 ad
761 1038 895 1097 Andrum
909 1039 1015 1097 eiectus
1028 1047 1072 1096 est
1140 1059 1187 1111 20,

179 1118 219 1193 Et
235 1136 326 1195 istaec
346 1154 405 1195 una
425 1134 513 1212 pirva
532 1136 621 1212 virgo.
656 1134 718 1194 trina
740 1136 786 1194 ille
806 1154 895 1213 egens
916 1136 990 1195 sorte
1011 1134 1137 1213 adplicat

180 1232 308 1293 Primum
324 1234 362 1293 ad
377 1233 524 1310 Chrysidis
541 1244 652 1311 patrem
666 1252 705 1293 se.
723 1229 1010 1313 ‘SI.(Insuli1irgly.)
1030 1232 1173 1293 Fabulam

340 1331 473 1409 inceptat.
516 1341 582 1392 011.
605 1332 682 1392 Sine.
1112 1335 1172 1390 925

182 1430 241 1489 OB„
264 1416 347 1489 itane
367 1448 434 1491 vero
453 1428 607 1491 obturbat?
645 1439 712 1490 ΘΗ.
732 1430 833 1508 Perge.
874 1438 936 1493 GE
958 1430 1037 1490 Tum
1057 1432 1082 1490 is
1101 1430 1174 1488 mihi

341 1527 482 1606 cognatds
502 1529 563 1602 fuit,
1038 1610 1041 1615 Ι

182 1626 241 1699 Qui
263 1624 332 1687 eum
351 1629 468 1705 recepit.
499 1628 539 1687 ibi
559 1647 614 1706 ego
636 1628 731 1688 audivi
750 1648 786 1688 ex
804 1628 854 1687 illo
870 1646 934 1688 sese
955 1645 1018 1688 esse
1035 1614 1172 1689 Atticum.

182 1711 213 1783 is
227 1725 268 1784 ibi
280 1725 428 1787 mortuost.
458 1734 524 1785 ΘΗ.
546 1725 707 1804 (Eugerly.)
728 1713 801 1786 Eius
817 1730 949 1786 numeni
972 1735 1033 1786 cR.
1055 1726 1174 1785 Nomen

342 1833 401 1883 tam
418 1822 475 1884 cito
496 1823 568 1884 tibi?
600 1832 665 1883 PA.
687 1822 808 1903 (Anile.)
828 1824 916 1896 Hem,
1142 1847 1173 1897 ²5

181 1921 275 1981 Perii?
307 1930 369 1983 GR.
401 1920 510 1982 Verum
538 1921 633 1999 hercle
668 1922 774 1999 opinor
806 1921 893 1982 fuisse
926 1920 1083 1983 Phiniam:
1116 1921 1174 1982 hoc

342 2020 419 2080 certo
441 2021 510 2092 seio,

183 2116 393 2178 Rhamndsium
414 2136 445 2178 se
465 2118 560 2177 aiebat
581 2136 654 2179 esse.
686 2127 753 2179 ΘΗ.
770 2116 877 2197 (Aside,
892 2118 1032 2178 butmuck
1046 2118 1175 2197 exciled.)

345 2215 534 2296 OIrippiterl
571 2226 632 2277 GR.
654 2217 767 2276 Eadem
787 2215 867 2289 haec,
889 2217 1036 2289 Chreme,
1114 2223 1174 2277 930

99 2323 105 2335 ·
183 2312 268 2374 Multi
288 2313 336 2374 alii
356 2315 387 2373 in
407 2314 509 2374 Andro
529 2315 673 2374 audivere.
702 2323 768 2374 ΘΗ.
790 2312 913 2395 (Aside.)
942 2314 1061 2373 Vtinam
1080 2315 1111 2373 id
1128 2315 1176 2387 sit,

343 2411 422 2489 quod
443 2429 535 2488 spero.
577 2410 706 2492 (Aloud)
740 2412 805 2485 eho,
827 2413 879 2473 dic·
894 2412 973 2484 mihi,

184 2509 264 2583 Quid
293 2509 358 2571 eim
395 2512 476 2570 tum?
510 2528 629 2571 suamne
664 2529 726 2571 esse
761 2511 858 2570 aibat?
894 2519 955 2571 GR.
987 2509 1066 2571 Non.
1108 2519 1177 2571 cH.

344 2606 472 2681 Quoiam
492 2608 599 2685 igitur?
626 2616 689 2668 ΟΒ.
709 2608 815 2667 Fratris
836 2608 937 2667 filiam.

185 2714 250 2767 011.
273 2706 357 2767 Certe
382 2716 480 2766 meast.
523 2714 585 2767 OB.
607 2706 687 2779 Quid
707 2693 772 2766 ais?
801 2715 848 2767 SI.
871 2706 949 2779 Quid
968 2706 1000 2767 tir
1021 2709 1084 2767 a’r's?
1111 2697 1177 2767 'Pa

345 2802 467 2885 (Aside.)
496 2790 598 2881 Arrige
619 2806 704 2878 auris,
724 2804 883 2882 Pamphile.
1145 2829 1179 2876 30

185 2909 231 2962 81.
253 2900 313 2975 Qui
341 2902 454 2962 credis?
484 2909 551 2961 011.
573 2901 683 2961 Phania
713 2903 772 2963 illic
801 2903 887 2963 frater
917 2902 1000 2964 meus
1023 2903 1085 2962 suit.
1128 2911 1179 2963 81.

347 2998 458 3059 Noram
479 2999 508 3059 et
528 3000 597 3060 scio.

185 3105 251 3157 011.
273 3096 303 3157 Is
324 3096 433 3156 bellum
457 3096 525 3173 hinc
552 3096 669 3174 fugiens
692 3095 798 3176 meque
821 3098 851 3158 in
872 3097 974 3159 Asiam
1000 3098 1180 3178 persequens

206 3200 209 3207 '
346 3195 554 3272 proficiscitur:
583 3242 584 3247 ,
1117 3204 1179 3259 935

186 3292 265 3353 Tum
274 3292 350 3353 illim
359 3282 734 3370 relinquerehicestveriius.
742 3295 865 3372 postilla
872 3313 951 3355 nunc
959 3294 1181 3373 primumaridio

187 3391 267 3465 Quid
284 3392 334 3452 illd
355 3392 391 3452 sit
410 3392 527 3452 factum.
562 3401 625 3452 PA.
647 3391 769 3474 (Aside.)
789 3392 849 3452 Vix
869 3411 934 3451 sum
955 3394 1033 3471 apud
1054 3412 1117 3452 me:
1139 3394 1182 3454 ita

347 3490 461 3550 inimus
482 3488 656 3551 commotdst
674 3501 755 3550 metu
