2600 3959
131 320 153 369 1.
166 321 189 369 1.
202 320 306 384 84-113.
541 312 718 368 ANDRIA.
1101 309 1119 377 7

132 480 229 540 Causa
249 477 333 537 lulius
353 472 555 538 mortemtdm
575 475 628 534 fert
648 471 841 532 familiairiter:
1143 550 1148 559 Ι

132 578 214 650 Quid
233 579 257 636 si
278 578 339 654 lpse
360 576 504 635 amasset?
525 570 598 651 quid
615 572 685 631 mihi
705 572 753 630 hic
773 568 858 628 faciet
879 564 990 644 patri?'
1091 576 1122 638 85

132 676 217 735 Haec
239 675 294 752 ego
315 676 454 752 putabam
474 692 536 732 esse
558 672 656 730 omnia
677 668 796 728 humani
816 666 913 743 ingeni

133 774 336 852 Mansuetique
357 773 445 831 animi
467 771 572 831 officia.
612 768 684 846 quid
704 767 803 825 multis
824 764 940 823 moror?

132 871 258 950 Egomet
278 890 394 949 quoque
414 872 477 929 eius
497 867 585 928 carisa
605 868 636 925 in
657 867 744 925 funus
764 864 884 941 prode0,
1067 864 1122 917 115

133 970 184 1031 Nil
205 969 355 1047 srispicans
377 968 463 1027 etiaim
484 968 562 1026 mali.
605 975 664 1028 So.
685 964 836 1043 (Alarmezd
846 963 879 1039 by
891 962 935 1019 the
955 962 1011 1017 last
1023 959 1124 1034 word)

244 1134 252 1147 .
297 1069 377 1128 Hem
397 1069 469 1145 quid
490 1066 551 1126 esti
593 1056 643 1126 s'1.
665 1064 755 1123 Scies.

133 1169 267 1229 Effertur.
288 1168 372 1227 imus
394 1168 502 1225 interea
521 1166 595 1224 inter
615 1161 756 1234 mdlieres,
1093 1178 1126 1229 90

136 1269 221 1342 Quae
242 1268 281 1327 ibi
302 1267 429 1338 iderant,
451 1266 522 1325 forte
543 1281 633 1321 unam
654 1260 764 1338 {aspicio
784 1256 1037 1326 adulescentulam,

136 1366 324 1427 Forma—
362 1377 420 1430 So.
441 1369 525 1429 Bona
547 1367 675 1433 sortasse.
717 1373 765 1426 SI.
785 1375 813 1423 et
835 1364 922 1434 voltu,
946 1362 1038 1433 Sosia,

134 1464 219 1523 Adeo
239 1464 380 1536 modesto,
401 1463 475 1529 adeo
496 1474 624 1535 venusto
645 1473 678 1522 ut
698 1463 740 1521 nil
760 1481 857 1540 supra.
1068 1468 1124 1522 120

135 1561 216 1642 Quia¹
232 1561 295 1620 trim
316 1562 386 1621 mihi
406 1562 556 1621 lamentiri
576 1570 691 1637 praeter
709 1560 817 1620 ceteras
992 1564 995 1568 ’

134 1659 241 1731 visast,
261 1669 291 1719 et
313 1661 381 1736 quia
402 1669 463 1719 erat
483 1660 577 1719 ldrma
594 1671 707 1736 praeter
728 1659 837 1719 ceteras
1093 1685 1124 1735 95

135 1757 269 1818 Honesta
290 1778 324 1817 ac
345 1758 463 1831 libcrlli
485 1760 594 1818 accedo
615 1760 653 1817 ad
674 1758 854 1836 pedisequas,

135 1856 220 1927 Quae
241 1858 280 1916 sit
300 1876 381 1933 rogo.
402 1857 532 1939 sororem
553 1876 616 1917 esse
638 1858 717 1917 aiunt
739 1858 894 1933 Chrysidis.

134 1952 279 2013 Percdssit
298 1955 364 2015 ilico
385 1955 524 2015 inimum.
567 1966 646 2028 attat,
668 1958 725 2015 hoc
745 1956 815 2015 illud
835 1964 888 2026 est,
1066 1957 1123 2011 125

134 2050 215 2112 Hinc
235 2053 299 2112 illae
320 2053 474 2124 lacrumae,
496 2054 567 2115 haec
588 2055 662 2114 illast
682 2054 888 2114 misericordia.

134 2160 193 2212 so.
216 2152 313 2225 Quam
327 2154 424 2225 timeo,
440 2171 580 2229 quorsum
594 2154 714 2213 evadas!
757 2163 804 2214 SI.
826 2153 924 2211 Funus
937 2152 1051 2211 Interim
1068 2175 1115 2209 100

133 2249 275 2311 Procedit.
317 2251 480 2327 sequimur:
504 2251 540 2310 id
561 2252 725 2327 sepulcrum
746 2251 895 2312 venimus:

134 2348 170 2407 In
190 2349 290 2425 ignem
310 2348 477 2423 inpositast:
499 2348 588 2407 fle'tur.
630 2352 740 2409 interea
760 2350 830 2409 haec
851 2368 942 2421 soror,

134 2446 232 2519 Quam
253 2446 321 2519 dixi,
343 2447 380 2505 ad
400 2446 549 2505 flammam
570 2448 695 2522 accessit¹
713 2448 920 2525 inprudentius
1067 2453 1122 2506 130

135 2545 210 2604 Satis
231 2543 301 2605 edm
318 2545 438 2621 periclo,
460 2543 551 2622 (With
565 2551 667 2623 strong
680 2545 861 2626 excr'tement.)
881 2546 922 2605 ibi
942 2555 1004 2603 tum
1024 2542 1123 2603 exani-

295 2654 389 2703 matus
409 2643 575 2721 Pamphilus

133 2742 214 2802 Bene
235 2742 445 2802 dissimulatum
466 2743 595 2802 amorem
616 2753 645 2803 et
666 2743 790 2803 celatum
811 2744 939 2804 indicat:
1077 2767 1122 2816 105

132 2839 283 2901 Adcdrrit:
304 2842 431 2900 mediam
453 2839 601 2901 mdlierem
623 2842 840 2919 complectitur:

125 2946 142 2973 '‘
155 2941 224 2998 lllea
246 2940 429 3015 Glycerium'
444 2940 535 3017 inquit
557 2941 646 3018 ‘quid
663 2943 748 3017 agis?
768 2960 843 3020 quor
861 2950 889 2999 te
904 2941 927 2998 is
941 2938 1082 3017 perditum
1093 2942 1123 3000 i'

133 3038 213 3097 Tum
235 3038 290 3109 illa,
312 3038 344 3097 rit
365 3050 536 3099 consuetum
553 3040 636 3099 facile
657 3060 786 3101 amorem
808 3040 948 3113 cerneres,
1065 3046 1121 3100 135

133 3136 246 3195 Reiecit
267 3156 297 3195 se
318 3138 348 3195 in
368 3155 437 3196 eum
456 3137 529 3196 fidus
549 3156 638 3214 quam
659 3137 841 3198 familiariter.

133 3243 191 3295 so.
207 3234 286 3307 Quid
307 3224 367 3294 ais?
396 3244 442 3295 SI.
458 3236 559 3295 Redeo
575 3236 642 3294 inde
656 3235 743 3296 iratus
757 3247 843 3313 atque
857 3235 942 3312 aegre
957 3236 1063 3295 ferens:
1076 3260 1122 3295 110

133 3332 197 3391 Nec
218 3332 286 3392 sitis
306 3333 344 3391 ad
364 3333 573 3410 obiurgandum
596 3352 710 3394 causae.
750 3335 857 3394 diceret

133 3430 232 3503 ‘Quid
251 3430 325 3491 feci?
346 3432 415 3509 quid
436 3431 593 3492 commerui
615 3444 664 3492 aut
683 3434 811 3509 peccavi,
832 3434 936 3509 pater?

133 3530 218 3602 Quae
239 3529 301 3589 sese
322 3531 470 3607 inignem
491 3532 596 3591 inlcere
617 3531 715 3605 voluit,
735 3532 890 3610 prohibui:
1064 3537 1121 3591 140
