2600 3959
193 306 211 368 8
598 308 775 366 ANDRIA.
989 308 1011 359 L
1024 310 1047 358 1.
1061 316 1181 369 1¹4·¹4²·

193 476 327 536 Servavi!
367 474 489 534 honesta
510 473 636 534 orotiost.
680 481 738 533 80.
760 470 851 532 Recto
872 479 975 547 putas=

191 574 247 653 (As
260 576 294 653 f
299 594 314 633 s
315 574 404 649 latritg
417 594 436 632 a
450 574 575 632 oaluable
589 571 689 652 ruth)
712 571 790 630 Nam
811 570 835 628 si
848 571 930 629 illum
944 568 1089 643 obiurges,
1104 564 1181 623 vitae

353 673 403 749 qui
424 670 561 730 auxiliom
581 672 652 742 tulit,
1134 686 1180 736 1¹5
1283 697 1284 746 3

191 771 304 843 Quidf
290 754 378 829 socias
399 770 446 844 illi,
467 771 519 846 qui
538 769 647 829 dederit
667 770 805 827 damnum
827 765 876 826 aot
896 727 1025 824 maium?

190 877 236 930 81.
257 869 346 927 Venit
366 868 506 927 Chremes
522 868 658 944 postridie
679 869 716 927 ad
737 886 785 925 me
806 865 985 925 domitans:

76 997 79 1003 ν
190 967 348 1042 Indignum
367 965 500 1024 facinus:
522 965 705 1041 comperisse,
727 962 910 1040 Pomphiluni
1123 961 1179 1017 145

189 1063 246 1122 Pro
266 1063 357 1121 uxore
376 1062 482 1121 habere
502 1062 578 1121 hanc
599 1051 790 1140 poregrinam.
832 1079 888 1136 ego
907 1057 978 1117 tllud
998 1057 1100 1148 sodulo

189 1161 303 1238 Negore
319 1160 435 1220 factum.
476 1160 521 1219 ille
542 1161 629 1219 instat
648 1161 766 1219 factum.
808 1158 933 1234 donique
1134 1177 1180 1214 120

191 1258 236 1316 Ita
257 1257 318 1316 tom
339 1259 460 1319 discedo
481 1260 519 1318 ab
540 1260 599 1328 sslo,
619 1268 651 1317 ut
672 1259 722 1335 qui
743 1277 774 1317 se
794 1257 884 1315 filiam

190 1355 285 1433 Negot
305 1356 446 1416 daturum.
488 1365 545 1417 80.
574 1356 645 1415 Non
666 1368 697 1416 tu
721 1356 760 1415 ibi
781 1356 923 1432 gnatum?
970 1362 1017 1414 81.
1046 1352 1093 1411 Ne
1109 1349 1180 1410 haoc

354 1456 472 1533 quidem

191 1552 263 1611 Satis
237 1553 400 1614 ivomens
422 1572 508 1613 causa
529 1554 567 1612 ad
588 1552 810 1629 obiurgandum
852 1560 910 1612 80.
932 1551 994 1624 Qui
1007 1493 1099 1609 cedoi
1123 1554 1180 1609 150

190 1660 236 1711 81.
259 1653 351 1712 ‘Tute
372 1653 433 1729 ipse
455 1654 498 1711 his
520 1654 605 1711 rebus
626 1652 716 1710 finem
736 1651 929 1728 praescripsti,
951 1659 1049 1726 pater:

190 1749 283 1827 Prope
304 1751 389 1823 adost
411 1769 501 1828 quom
521 1751 615 1809 alieno
636 1749 718 1809 more
738 1746 919 1807 vivendomst
938 1748 1019 1807 mihi.
1133 1768 1179 1817 125

191 1847 257 1907 Sine
277 1846 355 1907 none
375 1867 442 1907 meo
462 1868 509 1908 me
530 1850 622 1907 vivere
643 1846 752 1906 intereo
772 1846 877 1906 modo!

89 1938 92 1943 ¹
189 1954 246 2021 80.
269 1945 329 2018 Qui
349 1944 435 2023 igitor
455 1947 569 2007 relictus
589 1946 632 2004 ost
653 1928 827 2020 obiurgandi
845 1944 948 2003 loeus?

189 2053 235 2104 81.
258 2044 288 2102 Si
308 2045 425 2122 propter
444 2063 573 2104 amorem
593 2044 716 2102 uxorem
736 2043 808 2102 nolit
827 2040 939 2113 docere,
1123 2043 1179 2098 155

187 2143 232 2203 Ea
252 2145 377 2221 primum
397 2146 435 2203 ab
455 2143 504 2204 illo
525 2142 782 2203 animodvortenda
798 2139 935 2199 inioriast.
1015 2209 1022 2221 ‚

188 2242 225 2301 Et
245 2241 323 2301 minc
343 2241 373 2300 id
392 2260 511 2319 operam
533 2242 580 2313 d0,
602 2238 634 2299 ot
655 2260 706 2317 per
726 2239 811 2298 salsas
832 2236 947 2316 noptias
1133 2258 1180 2307 130

189 2340 267 2399 Vera
287 2340 460 2418 obiurgandi
481 2337 569 2398 carisa
589 2340 632 2408 sit,
655 2339 679 2397 si
700 2338 841 2414 doneget:

192 2436 284 2496 Simol
303 2438 455 2498 sceleratus
477 2436 575 2496 Dovos
596 2437 691 2514 siquid
712 2436 814 2496 consili

189 2537 295 2607 Habet,
316 2535 348 2593 ot
367 2547 519 2595 consumat
539 2532 624 2608 none,
642 2553 733 2611 quom
754 2535 794 2593 nil
814 2535 912 2594 obsint
932 2533 1008 2592 doli:
1120 2533 1178 2589 160
1283 2539 1284 2582 1

189 2634 285 2707 Quem
305 2652 361 2709 ego
383 2634 470 2693 crodo
490 2634 625 2691 manibus
644 2632 824 2711 podibusque
845 2633 952 2692 obnixe
972 2629 1072 2689 omnia

189 2730 360 2791 Factorum:
383 2732 475 2808 magis
496 2732 525 2789 id
546 2730 626 2802 odeo,
649 2732 720 2790 mihi
739 2741 771 2789 ut
791 2730 999 2799 incommodet,
1131 2748 1177 2799 135

188 2832 286 2903 Quam
306 2840 337 2888 ut
351 2830 525 2906 obsequatur
538 2829 634 2905 gnot0.
671 2837 728 2889 80.
746 2826 953 2905 Quapropter?
993 2833 1040 2886 81.
1056 2824 1177 2899 Rogas?

188 2928 268 2989 Mala
281 2928 372 2999 mons,
383 2926 475 2984 malus
490 2925 610 2983 animus.
637 2921 724 2999 quom
739 2923 856 2999 quidem
871 2942 927 3000 ego
942 2926 965 2982 si
980 2924 1181 2983 sonsero-—

577 3024 698 3104 (Shakes
712 3027 757 3084 his
771 3025 841 3085 str'ck
855 3046 889 3085 as
902 3046 940 3085 an
952 3022 1097 3104 apodosrlr.)

188 3126 245 3185 Sed
265 3126 334 3202 quid
355 3134 441 3201 opust
461 3125 576 3183 verbis?
597 3126 641 3182 sin
663 3126 782 3195 eveniat,
805 3126 885 3203 quod
905 3126 979 3197 volo,
1118 3124 1177 3184 165

187 3223 223 3281 In
243 3222 392 3299 Pomphilo
412 3232 443 3279 ut
463 3222 504 3279 nil
524 3224 560 3279 sit
580 3241 695 3281 morae:
717 3223 804 3282 restot
825 3223 973 3295 Chremes,

188 3320 247 3391 Qui
267 3321 308 3377 mi
326 3318 488 3379 oxorandus
509 3323 566 3379 ost:
588 3330 617 3379 et
637 3340 722 3398 spero
742 3320 870 3380 confore.
1129 3344 1177 3397 ¹40

68 3482 69 3487 η
187 3417 274 3476 Nunc
295 3418 402 3478 tuomst
421 3419 556 3490 officium,
577 3418 630 3477 has
651 3419 726 3479 bone
748 3430 778 3477 ut
799 3418 953 3480 adsimules
966 3415 1099 3497 noptiast

93 3548 97 3556 ·
187 3515 403 3576 Pertorrefacias
423 3514 554 3577 Dovom:
575 3518 711 3577 observes
729 3518 831 3590 filium,
