2600 3959
185 314 223 356 10
362 270 364 273 ’
590 301 767 357 Amorne.
1007 303 1031 355 1.
1043 305 1067 355 2.
1082 305 1173 365 1s33.

182 472 230 524 ΕΙ.
252 464 368 523 Hocine
390 464 452 539 agis
473 483 510 522 an
531 463 611 521 non?
661 471 729 522 DA.
750 447 816 539 Ego
833 482 902 522 vero
923 463 1006 523 istuc.
1041 471 1088 521 ΕΙ.
1117 459 1175 542 (To

341 560 474 641 himself.)
497 560 552 620 Sed
574 580 652 621 nunc
673 580 709 620 ea
730 580 777 620 me
797 562 958 639 exquirere,
1144 584 1172 632 15

182 661 277 736 iniqui
291 661 381 737 patris
396 670 457 719 est:
481 659 550 717 nem
562 660 643 736 quod
657 660 781 719 antehac
795 659 872 731 fecit,
886 660 927 717 nil
941 658 980 717 ad
993 678 1042 719 me
1060 657 1173 718 ettinet.
1291 715 1292 738 3

182 758 262 816 Dum
286 759 402 836 tempus
427 759 465 817 ad
489 776 554 817 eam
578 757 641 817 rem
666 758 738 829 tulit,
760 759 813 818 sivi
836 757 966 817 enimum
988 767 1020 816 ut
1044 755 1175 834 expleret

344 875 444 918 suom:

183 955 270 1014 Nunc
290 956 338 1014 hic
357 956 418 1015 dies
437 954 524 1015 aliem
545 956 633 1014 vitam
654 954 754 1027 adfert,
769 955 841 1014 elios
862 974 961 1014 mores
982 954 1115 1031 pestulat.

182 1053 331 1132 (Turning
361 1061 387 1112 lo
418 1054 517 1112 Dauos
544 1055 605 1112 and
634 1051 767 1129 speaking
801 1050 1015 1128 sarcastz'cally.)
1058 1050 1173 1109 Dehinc

343 1152 457 1228 pestulo
487 1152 545 1210 sive
574 1150 743 1228 aequomst·
757 1161 786 1209 te
815 1169 877 1223 οπο,
901 1148 993 1222 Deve,
1016 1158 1048 1208 ut
1075 1148 1174 1207 redeat

342 1252 401 1309 iam
422 1250 453 1308 in
473 1250 559 1309 viam.
1116 1250 1172 1305 190

182 1357 249 1407 DA.
272 1347 341 1407 Hoc
362 1348 432 1424 quid
453 1348 507 1408 sit?
550 1356 597 1409 ΕΙ.
626 1346 748 1421 Omnes,
770 1329 820 1424 qui
835 1357 953 1420 amant,
974 1345 1097 1422 graviter
1118 1344 1174 1402 sibi

344 1447 405 1505 dari
425 1446 546 1507 uxorem
567 1447 669 1505 serunt.
1143 1465 1174 1500 20

183 1553 250 1603 DA.
274 1543 464 1625 (Carelessly.)
494 1545 538 1604 Ita
567 1544 655 1607 eiunt.
697 1553 744 1605 ΕΙ.
766 1545 846 1603 Tum
878 1545 968 1621 siquis
1002 1541 1173 1618 magistrum

344 1643 420 1721 cepit
441 1644 564 1703 adeam
585 1662 646 1702 rem
668 1644 830 1720 inprobum,

184 1742 284 1820 Ipsum
305 1741 435 1801 inimum
453 1751 603 1818 aegrotum
621 1742 659 1800 ad
678 1740 849 1800 deteriorem
870 1738 983 1816 pestem
1002 1738 1173 1817 plerumque

344 1839 478 1917 edplicat.

182 1946 248 1997 DA.
271 1938 340 1999 Non
361 1938 456 1997 hercle
475 1937 620 2014 intellege.
659 1946 709 1997 ΕΙ.
727 1936 817 1995 Non?
837 1936 921 1995 hem?
955 1944 1022 1996 DA.
1039 1934 1172 2015 (Sarme-

342 2034 458 2116 tz'cally.)
478 2036 565 2095 Non:
586 2034 686 2095 Devos
707 2053 782 2104 sum,
805 2053 864 2095 non
884 2033 1023 2111 oedipus.

182 2146 230 2196 ΕΙ.
252 2136 366 2213 Nempe
387 2137 456 2213 ergo
481 2145 578 2212 aperte
599 2136 642 2195 vis
664 2153 739 2212 quae
762 2144 871 2193 restant
894 2133 941 2193 me
962 2134 1061 2211 loqui?
1104 2141 1172 2192 DA.

343 2234 418 2294 Sane
439 2234 566 2311 quidem.
1115 2234 1172 2289 195

184 2343 229 2393 ΕΙ.
253 2334 284 2393 Si
305 2331 422 2393 sensero
442 2333 527 2391 hodie
549 2333 707 2409 quicquam
727 2333 757 2391 in
779 2314 824 2391 iris
845 2341 873 2390 te
893 2328 1002 2408 miptiis
1067 2408 1070 2413 Ι
1143 2350 1171 2400 25

181 2431 322 2490 Falleciae
343 2430 449 2503 eonem,
472 2450 529 2508 quo
550 2430 620 2489 fient
641 2431 745 2503 minuS,

181 2533 240 2590 Aut
260 2532 332 2590 velle
351 2532 383 2589 in
402 2550 437 2590 ea
457 2550 488 2589 re
509 2530 631 2601 ostendi,
652 2549 741 2606 quam
762 2531 800 2589 sis
821 2529 955 2588 cellidus:

182 2629 358 2689 Verberibus
379 2648 494 2688 caesum
514 2641 542 2689 te
562 2629 594 2686 in
614 2628 774 2705 pistrinum,
792 2628 882 2699 Deve,
900 2628 1007 2687 dedam
1026 2643 1117 2701 usque
1134 2622 1171 2682 ed

230 2752 233 2757 ·
343 2746 455 2798 necem,

184 2828 227 2886 Ea
248 2826 311 2904 lege
332 2836 418 2902 atque
438 2824 545 2896 omine,
566 2822 606 2897 tit,
628 2825 652 2883 si
673 2836 701 2884 te
722 2825 790 2884 inde
811 2822 977 2896 exemerim,
995 2841 1050 2898 ego
1071 2840 1125 2898 pro
1144 2820 1172 2881 te

344 2925 462 2983 molam.
863 2919 864 2922 ’
1114 2924 1172 2978 200

183 3025 270 3098 Quid,
291 3023 348 3083 hirc
370 3022 548 3083 Intellextin?
570 3020 608 3081 en
630 3022 762 3081 nondum
786 3021 874 3081 etiam
898 3038 935 3079 ne
958 3017 1016 3077 hec
1036 3017 1189 3093 quidemi-
1291 2999 1292 3028 ³

344 3128 412 3183 DA.
431 3122 527 3180 Immo
549 3120 668 3179 ceillide:
1141 3140 1174 3187 30

183 3224 228 3281 Ita
247 3222 344 3299 aperte
360 3222 453 3297 ipsam
469 3238 532 3278 rem
550 3218 640 3277 medo
661 3218 782 3290 loeutus,
798 3217 840 3274 nil
858 3216 1025 3275 circuitione
1045 3212 1115 3274 risus
1132 3234 1173 3274 es,

185 3330 230 3379 ΕΙ.
252 3317 477 3397 (Passzimately.)
498 3318 600 3376 Vbivis
621 3317 730 3377 facilius
754 3316 857 3392 pa'ssus
878 3316 932 3373 sim
959 3332 1048 3390 quam
1068 3315 1098 3371 in
1119 3313 1174 3373 hec

344 3438 374 3477 re
396 3435 443 3476 me
464 3414 600 3475 deluidier.

184 3527 251 3578 DA.
272 3516 450 3595 (Derisively,
468 3516 633 3591 pretendzizg
653 3521 679 3572 to
701 3515 731 3573 be
750 3513 864 3572 shocked
881 3520 912 3571 at
933 3514 977 3570 the
996 3514 1052 3571 last
1074 3511 1174 3592 word)
