2600 3959
144 294 318 363 ,1V·3,·4,·²4·
558 293 731 351 ANDRIA,
1094 303 1138 369 -39

152 453 304 514 Paretum:
325 474 424 515 verum
445 475 481 515 ex
502 457 538 515 ee
559 476 637 515 nunc
659 457 762 515 misera
782 455 869 533 quem
890 456 966 531 capit
1008 505 1010 510 .

151 550 318 613 Laberem!
340 553 421 612 facile
441 554 488 612 bic
509 552 572 631 plris
587 554 688 633 vmalist
708 571 797 630 quarn
817 554 872 611 illic
893 552 971 611 boni.
1044 575 1057 625 5
1081 554 1138 609 720

152 650 296 728 (Re-enter
306 651 404 710 Dauos
416 652 484 710 with
499 654 541 709 the
560 653 627 728 baby
646 654 677 710 in
693 652 739 709 his
757 648 856 727 arms.)
888 649 946 722 Sed
960 648 1058 708 Devos
1073 649 1139 706 exit.

314 752 354 808 mi
376 750 474 823 h6m0‚
499 750 568 826 quid
589 752 662 809 istuc
684 750 851 809 obsecrost?

149 846 223 921 ,Quo
251 848 349 925 pertas
379 850 522 927 puerum?
555 855 623 908 DA
660 843 893 925 (Mysterrbusht.)
927 845 1040 922 Mysis,¹
1061 862 1139 903 nune

315 966 389 1023 opus
409 946 454 1005 est
474 956 523 1004 tua

154 1041 228 1102 Mihi
249 1034 286 1103 ad
306 1045 382 1104 hene
404 1064 466 1105 rem
487 1026 660 1120 enprompta
680 1042 789 1102 melitio
809 1053 896 1120 atque
917 1040 1028 1101 astritia.

148 1149 224 1201 MY.
246 1142 409 1214 Quidnam
426 1139 617 1216 incepturu’s?
651 1146 719 1198 DA
741 1127 851 1216 llecipe
867 1161 886 1199 a
904 1159 951 1198 me
965 1139 1043 1199 hune
1059 1138 1141 1198 ocius

150 1239 245 1317 Atque
267 1238 333 1298 ente
355 1247 484 1297 nostram
506 1237 621 1297 ienuam
643 1237 767 1314 adpone.
802 1244 877 1299 MY.
893 1237 1038 1317 (Slartrizg
1055 1238 1141 1313 back.)

311 1320 450 1405 Obsecro,
572 1393 578 1405 ι
690 1352 693 1356 ·
1033 1337 1141 1395 10725

153 1428 300 1490 Humlne?
342 1439 410 1489 DA.
431 1430 478 1489 Ex
499 1450 549 1490 ara
569 1430 636 1489 hinc
657 1429 739 1490 srime
760 1431 900 1489 verbenais
921 1432 971 1489 tibi

152 1529 247 1605 Atque
278 1530 327 1589 ees
358 1531 516 1589 substerne.
568 1536 643 1596 MY.
673 1529 771 1602 Quam
798 1529 838 1587 eb
865 1548 926 1587 rem
946 1529 975 1586 ld
997 1538 1056 1587 tute
1076 1529 1137 1592 nen

267 1660 268 1665 κ
311 1628 405 1687 facis?

153 1732 221 1783 DA.
242 1724 332 1798 Quia,
350 1728 379 1785 ‘sl
398 1726 468 1786 forte
490 1726 564 1803 opirs
585 1726 621 1785 sit
642 1725 679 1784 ed
700 1743 781 1785 erum
802 1723 954 1785 iurandrim
974 1726 1081 1784 mihi'
1133 1756 1136 1761 ·

154 1821 223 1882 Non
245 1823 423 1900 adposuisse,
445 1834 476 1882 ut
497 1823 606 1901 llquido
628 1824 746 1899 possim.
788 1830 863 1882 MY.
884 1823 1044 1901 Intellegto
1133 1831 1137 1842 ’

150 1914 366 1997 (Sarcastically
368 1922 387 2000 .)
430 1922 515 1981 Nova
545 1920 623 1981 minc
655 1922 790 1997 religio
781 1932 861 1981 rute
889 1924 977 1982 istaec
1012 1924 1139 1983 incessit

239 2093 241 2097 Ι
314 2022 395 2080 cedo.
423 2017 621 2097 (Davosgiues
635 2024 679 2080 the
692 2023 761 2098 baby
774 2029 799 2080 to
813 2016 982 2094 Myso)
1025 2046 1053 2095 ¹5
1078 2026 1135 2079 730

155 2125 215 2180 uA
238 2118 327 2178 Move
349 2119 430 2178 ocius
451 2130 487 2190 te,
509 2130 541 2178 ut
562 2118 632 2198 quid
653 2137 739 2197 agam
759 2138 847 2196 porro
868 2118 1025 2194 intellegas

151 2213 289 2295 (Lookz'ng
323 2216 432 2296 round)
458 2218 538 2276 Pro
561 2217 701 2295 Iuppiter!
738 2225 813 2280 MY,
848 2216 927 2289 Quid
957 2218 1019 2277 est?
1049 2225 1135 2280 DA.

314 2316 444 2393 Sponsae
465 2326 547 2393 pater
567 2317 725 2379 intervenit.
821 2372 824 2380 .

151 2413 285 2491 Repudio
306 2415 385 2493 quod
407 2416 558 2475 consilium
579 2416 704 2493 primum
725 2414 913 2474 intenderam

150 2518 226 2575 MY.
247 2514 355 2573 Nescio
370 2513 447 2591 ¹quid
468 2532 573 2573 narres.
609 2521 683 2587 DA.
704 2496 771 2589 Ε3ο
789 2532 904 2592 quoque
920 2513 988 2573 hine
1007 2514 1046 2573 ab·
1065 2512 1140 2572 dex-³

311 2623 372 2672 tera

150 2708 257 2788 Venire
271 2730 327 2786 ,me
348 2711 542 2772 adsimulabo:
564 2722 594 2770 tu
614 2721 645 2770 ut
667 2710 827 2771 subservias
856 2773 859 2779 ,
1025 2725 1055 2769 20
1078 2715 1143 2776 7353

151 2808 292 2883 Oretioni,
315 2811 515 2888 utquomque
537 2812 611 2888 opris
634 2812 678 2882 sit,
700 2811 793 2869 verbis
815 2809 888 2868 vide.
991 2871 995 2875 Α

149 2913 226 2965 MY.
247 2907 313 2984 Ego
335 2908 405 2984 quld
426 2928 496 2985 agas
518 2908 557 2967 nil
578 2908 734 2985 intellego:
753 2908 804 2967 sed
826 2907 922 2983 slquid-
942 2917 993 2979 est,
1074 2967 1076 2974 ,
1142 2969 1144 2973 Α

150 3004 240 3076 Quod
261 3005 327 3064 mea
339 3026 436 3083 opera
457 3025 531 3083 opus
554 3008 589 3065 sit
610 3008 702 3078 vebis
724 3017 773 3065 aut
793 3017 826 3064 tu
846 3004 911 3082 plris
932 3006 1019 3079 vides,
1060 3072 1063 3076 ,
1141 3018 1145 3023 ’

149 3104 288 3178 Manebo,
311 3105 428 3181 nequod
449 3106 576 3165 vestrum
597 3124 723 3165 remorer
744 3105 939 3175 commodum.
969 3105 1135 3185 (Exe'tDa-

311 3222 365 3275 vos,
384 3211 449 3261 ont
437 3205 480 3261 the
498 3205 583 3281 right,
598 3203 744 3278 unsemby
763 3202 901 3275 Chremes,
916 3204 979 3261 who
994 3210 1082 3263 enters
1101 3224 1136 3263 on

311 3302 389 3361 a
366 3300 435 3381 est>
