2600 3959
583 280 759 342 ANDRIA.
972 283 1021 333 ΙΙΙ.
1034 285 1057 335 4.
1070 285 1140 346 15-5.
1149 298 1174 335 1.

345 443 415 517 quid
436 443 527 503 dixti?
581 452 649 502 DA.
679 443 807 520 Optume
828 444 948 520 inquam
969 428 1101 502 factum(
1126 450 1173 499 81.
1285 431 1286 472 l

345 538 432 599 Nrinc
453 560 504 617 per
528 540 605 599 hunc
626 540 729 600 nulldst
750 559 840 600 mora.

186 645 252 697 GH.
279 636 408 696 Domdm
436 639 525 697 modo
554 638 610 709 ibo,
633 649 665 696 ut
689 637 842 714 ddparetur
870 639 976 710 dicam,
1001 649 1087 715 atque
1117 637 1173 695 huc

311 788 313 791 .
345 733 487 795 renuntio.
798 735 893 815 (Exit
908 734 1059 816 Chremes.)
1145 758 1173 806 15

186 842 233 893 sI.
261 834 348 894 Nunc
375 845 403 893 te
431 834 491 907 dro,
512 835 603 907 Dave,
624 836 762 911 qudniam
792 837 870 895 solus
901 836 942 894 mi
973 835 1090 894 effecisti
1122 834 1175 892 has

345 930 542 1009 nuptias-
1115 936 1174 991 595
1287 927 1288 980 l

185 1038 250 1090 DA
280 1026 386 1111 (Aside,
409 1034 439 1089 in
468 1052 488 1089 a
511 1038 571 1089 fone
591 1032 629 1106 eff
647 1030 779 1110 despair.)
804 1031 871 1108 Ego
891 1030 960 1092 vero
982 1031 1069 1092 solus.
1125 1037 1174 1089 81.

345 1124 464 1201 gnitum
485 1125 555 1182 mihi
576 1126 720 1202 corrigere
742 1144 828 1203 porto
849 1126 964 1184 enitere.

185 1229 251 1281 DA.
280 1220 397 1281 Faciam
418 1220 512 1280 hercle
533 1221 641 1282 seduld.
684 1230 731 1282 ΕΙ
760 1222 847 1282 Potes
868 1242 955 1294 nunc,
969 1222 1040 1281 dum
1061 1219 1176 1280 Animus

345 1318 475 1378 inritfttus
495 1330 547 1379 est

185 1426 252 1476 DA.
281 1416 430 1491 Quiescas.
487 1427 534 1478 81.
574 1419 639 1497 Age
674 1418 767 1497 igittir,
798 1421 849 1479 ubi
883 1437 961 1479 nunc
994 1427 1039 1477 est
1072 1414 1177 1552 ipsus?
1289 1443 1290 1446 ¹

345 1525 414 1576 DA.
442 1515 552 1575 Mirum
573 1519 605 1575 nf
625 1518 738 1578 domist

186 1622 232 1673 81.
261 1614 316 1673 lbo
337 1613 461 1673 adeum
486 1626 572 1693 atque
594 1615 697 1673 eadem
717 1615 798 1687 haec,
821 1614 895 1695 quae
916 1616 966 1672 tibi
988 1614 1055 1685 dixi,
1077 1614 1176 1672 dicam

345 1712 444 1771 itidem
473 1713 523 1773 illi.
579 1710 671 1791 (Exit
696 1711 774 1772 Simo
800 1716 858 1773 titio
878 1714 926 1773 his
947 1708 1050 1793 house.)
1106 1720 1176 1770 DA.

345 1809 450 1871 Ndllirs
471 1830 545 1873 sum.
1143 1834 1177 1868 20

186 1909 265 1981 Quid
279 1907 417 1981 causaest,
432 1911 503 1987 quin
517 1910 586 1969 hinc
600 1910 630 1969 fn
645 1909 798 1987 pistrinum
812 1911 890 1970 recta
904 1908 1069 1987 proficiscir
1084 1909 1151 1967 via?

186 2008 234 2065 Nil
255 2007 298 2067 est
318 2008 396 2085 preci
416 2008 474 2067 locf
495 2009 643 2068 relictum:
666 2009 724 2068 iim
744 2010 906 2085 perturbavi
921 2010 1037 2069 dmnia:
1114 2011 1173 2065 601

186 2105 276 2165 Enim
295 2105 397 2164 fefelli:
425 2106 456 2164 in
477 2104 591 2184 nuptias
612 2107 724 2166 conieci
745 2107 843 2166 en'lem
863 2107 952 2167 fllium
963 2127 972 2179 ;

186 2202 253 2260 Feci
273 2202 360 2260 hddie
377 2212 409 2261 ut
430 2203 538 2276 fierent,
554 2205 718 2279 insperante
737 2204 793 2264 hoc
808 2204 894 2281 itque
908 2205 996 2263 invito
1012 2201 1176 2279 Pimplrilm

186 2301 243 2359 Em
265 2299 397 2360 {istritiasl
426 2302 507 2378 quod
528 2303 555 2361 sf
574 2304 729 2378 quiessem,
750 2304 791 2361 ull
811 2303 950 2362 evenisset
971 2302 1047 2361 mali.
1144 2327 1176 2375 ²5

187 2397 260 2477 (The
279 2400 343 2457 door
362 2400 400 2477 (ff
413 2399 513 2459 Semo's
534 2401 615 2460 house
638 2397 738 2482 opens.)
761 2400 819 2459 Sed
839 2401 942 2461 eccum
956 2402 1039 2461 video
1060 2401 1176 2477 ipsum:

347 2497 447 2556 decidi.
519 2504 523 2511 '
1116 2504 1177 2557 605

187 2593 306 2655 Vtindm
314 2596 384 2653 mihi
392 2606 467 2656 esset
477 2595 584 2671 Aliquid
595 2596 650 2669 hic,
660 2616 720 2674 quo
728 2596 806 2657 minc
814 2616 862 2657 me
871 2595 1057 2676 praecipitem
1066 2597 1180 2655 darem!

548 2950 552 2961 “
632 2940 687 2999 SC.
710 2947 737 3002 5.

463 3088 721 3141 PAMPHILVS.
761 3088 909 3143 DAVOS.

237 3194 417 3277 (Pamphilus
438 3196 530 3254 bursis
551 3203 598 3254 out
616 3197 654 3273 of
666 3198 710 3255 llic
729 3198 818 3269 deuse,
839 3205 887 3256 not
904 3197 994 3273 seezitg
1017 3196 1136 3275 Davds.)

191 3304 256 3355 PA.
283 3275 342 3353 v'bt
354 3294 410 3351 lllic
423 3302 467 3352 est
479 3294 489 3352 i
511 3292 613 3364 scelds,
629 3295 680 3371 qui
693 3313 823 3353 me—
845 3291 983 3375 (Making
996 3302 1137 3369 egestare
1149 3295 1189 3373 ‘ff

353 3387 484 3471 despair.)
536 3400 604 3451 DA.
633 3388 754 3474 (Aside.)
775 3392 856 3453 Perii.
898 3400 962 3452 PA.
995 3380 1091 3471 Atque
1120 3393 1179 3454 hoc

355 3490 494 3551 confitedr
515 3491 575 3548 iure
