2600 3959
155 280 197 359 58
564 288 739 354 aunam.

255 451 313 502 Ver.
324 454 371 516 481
390 453 423 501 ad
439 454 489 516 484
504 450 633 501 bacchiaci
648 452 784 503 tetrametri
801 452 931 504 acatalecti

272 571 288 596 ,‚
321 536 370 598 485
387 534 509 584 iambicus
524 534 630 584 dimeter
646 534 804 585 catalecticus

272 652 290 679 ‚,
323 616 373 681 486
389 616 510 667 iambicus
524 616 632 666 senarius

272 735 288 760 ,‚
322 699 370 764 487
386 700 418 748 ad
436 699 484 763 496
501 698 602 748 iambici
618 699 739 756 octonarii

274 818 289 843 ,‚
324 793 372 847 497
389 787 414 832 et
431 783 480 845 498
494 781 596 831 iambici
612 781 701 832 senarii

271 902 288 927 „
321 880 370 931 499
386 866 419 915 ad
436 878 483 928 505
500 865 601 915 iambici
619 866 740 915 octonarii

272 984 290 1009 „
324 946 372 1009 506
388 948 510 998 iambicus
525 949 677 1012 septenarius

273 1068 290 1093 ‚,
324 1040 371 1093 507
388 1032 422 1080 06
438 1044 486 1095 509
503 1031 605 1081 iambici
621 1032 741 1081 octonarii

271 1150 288 1174 ,‚
323 1127 371 1175 510
388 1115 422 1163 ad
439 1128 486 1177 515
503 1114 622 1164 trochaici
639 1114 769 1179 septenarii

273 1232 290 1257 ‚,
324 1207 371 1260 517
388 1196 528 1247 trochaicus
544 1196 647 1247 dimeter
663 1198 820 1248 catalecticus

273 1314 291 1339 ‚,
325 1280 372 1341 518
388 1279 422 1329 ad
440 1293 487 1342 523
504 1279 625 1329 trochaici
641 1280 772 1344 septenarii

273 1398 290 1422 ‚‚
325 1375 375 1426 524
391 1361 424 1410 06
441 1374 487 1425 530
505 1362 608 1413 iambici
624 1363 714 1413 senarii

272 1480 290 1504 ,‚
325 1457 372 1507 533
390 1444 423 1493 06
440 1442 489 1507 536
506 1443 608 1494 iambici
626 1444 747 1494 octonarii

273 1563 291 1587 „
325 1537 373 1591 537
389 1526 511 1577 iambicus
527 1527 697 1591 quaternarius

274 1645 291 1670 „
324 1610 372 1672 538
389 1609 421 1657 06
439 1618 488 1672 574
503 1609 604 1659 iambici
621 1610 709 1660 senarii

274 1729 291 1753 „
326 1703 372 1756 575
390 1691 423 1740 06
440 1692 486 1755 581
504 1691 605 1741 iambici
622 1692 754 1757 septenarii

273 1812 290 1835 ,‚
325 1776 371 1837 582
389 1774 422 1824 ad
439 1773 489 1839 604
504 1781 529 1824 et
546 1772 594 1824 606
612 1776 714 1826 iambici
731 1774 852 1826 octonarii

274 1894 289 1918 „
323 1855 371 1919 605
388 1858 510 1927 iambicus
526 1858 697 1929 quaternarius

274 1976 289 2000 „
324 1939 372 2003 607
389 1946 415 1989 et
432 1938 480 1989 608
496 1940 616 1990 trochaici
633 1941 754 1991 octonarii

274 2058 290 2081 ‚,
324 2022 374 2087 609
389 2022 528 2072 trochaicus
544 2023 698 2087 septenarius

275 2141 291 2164 ‚,
325 2104 374 2153 610
390 2105 424 2153 ad
440 2103 488 2154 620
504 2104 605 2154 iambici
621 2105 743 2155 octonarii

274 2224 290 2249 ,‚
323 2186 370 2235 621
388 2187 422 2237 ad
438 2186 487 2251 624
502 2186 623 2237 trochaici
640 2188 771 2254 septenarii

274 2306 290 2330 ‚‚
325 2268 373 2331 625
390 2269 526 2334 dactylicus
541 2277 684 2320 tetrameter
700 2271 850 2320 acatalectus

275 2389 290 2409 „
323 2351 372 2401 626
388 2353 422 2401 06
437 2352 488 2416 634
503 2352 586 2402 cretici
605 2354 741 2403 tetrametri
758 2352 887 2403 acatalecti

273 2473 290 2497 „
323 2434 372 2499 635
390 2436 544 2501 compositus
560 2452 590 2485 ex
607 2435 705 2487 duabus
722 2436 855 2487 trochaicis
872 2436 987 2501 tripudiis
1004 2435 1155 2487 catalecticis

275 2556 292 2580 ‚,
325 2518 374 2581 636
391 2519 511 2569 iambicus
526 2520 692 2584 quaternarius

275 2639 291 2663 ‚‚
325 2604 373 2667 637
390 2603 494 2653 creticus
510 2608 651 2653 tetrameter
667 2602 817 2655 acatalectus

274 2722 292 2745 ,‚
325 2684 373 2748 638
390 2685 512 2735 iambicus
529 2686 682 2749 septenarius

274 2804 290 2827 „
323 2767 372 2831 639
389 2774 416 2818 et
433 2765 481 2831 640
497 2768 617 2817 trochaici
633 2769 765 2834 septenarii
866 2826 872 2835 1

273 2888 291 2911 ,,
326 2848 372 2913 641
391 2857 416 2899 et
433 2850 480 2914 642
498 2850 601 2900 iambici
617 2851 739 2900 octonarii

276 2970 291 2993 ‚,
327 2932 375 2995 643
392 2933 424 2982 ad
441 2932 489 2998 649
506 2933 626 2984 trochaici
641 2934 774 2999 septenarii

273 3052 291 3075 „
324 3014 374 3077 650
390 3016 424 3065 ad
440 3016 490 3079 654
506 3015 608 3065 iambici
626 3015 747 3066 octonarii
804 3058 806 3063 ,

274 3134 292 3158 ,,
325 3097 371 3162 655
389 3098 422 3147 ad
438 3098 485 3148 662
503 3099 605 3149 iambici
621 3098 710 3149 senarii

275 3213 291 3236 ‚‚
326 3176 374 3238 663
391 3184 417 3228 et
433 3177 482 3241 664
498 3178 601 3228 iambici
618 3177 740 3227 octonarii

275 3296 294 3319 ,‚
327 3258 374 3323 665
392 3261 426 3309 06
443 3260 488 3309 681
508 3261 610 3311 iambici
628 3260 716 3311 senarii

274 3379 291 3401 „
326 3341 373 3391 682
391 3350 417 3392 et
433 3342 481 3404 683
499 3344 600 3393 iambici
618 3342 739 3393 octonarii

275 3462 293 3485 „
326 3424 376 3488 684
392 3425 425 3475 06
443 3436 489 3488 715
507 3425 609 3475 iambici
625 3424 756 3490 septenarii

275 3543 292 3566 ‚,
328 3506 375 3570 716
392 3507 425 3556 ad
442 3509 491 3573 819
508 3507 609 3557 iambici
626 3507 715 3558 senarii
