2600 3959
163 240 202 299 14
567 230 744 287 anunm.
997 234 1153 301 usn-4⁶.

158 380 276 471 Aliquid
293 394 427 467 facerem,
442 404 474 453 ut
492 394 549 453 hoc
564 413 601 454 ne
616 394 751 479 facerem.
779 394 832 453 sed
848 414 927 455 nunc
939 397 1009 473 quid
1026 398 1153 473 primum

320 493 469 570 exequar?

160 592 218 651 Tot
253 613 300 653 me
334 593 486 670 inpediunt
517 592 610 664 cdrae,
639 611 717 670 quae
751 612 849 653 meum
879 593 1007 653 animum
1037 596 1152 656 divorse

319 692 451 751 trahunt:
1039 719 1068 768 ²5
1092 700 1151 755 260

157 790 257 861 Amin,
272 790 471 875 misericordia
490 788 583 861 binus,
601 788 768 866 nuptiarum
790 789 964 862 sollicitatio

38 888 53 905 “
157 888 236 946 Tum
250 888 338 965 patris
353 888 454 966 pudor,
470 889 519 965 qui
540 887 587 946 me
605 899 667 947 tam
686 888 744 946 leni
763 886 866 963 passus
884 899 928 947 est
942 891 1042 951 animo
1057 890 1151 969 sisque

318 986 412 1045 adhue

158 1085 242 1157 Quae
263 1085 330 1143 me6
351 1104 499 1161 quomque
520 1086 619 1143 animo
640 1082 792 1143 lubitumst
813 1084 917 1144 facere.
956 1087 1023 1146 eine
1045 1087 1101 1164 ego
1120 1100 1152 1147 ut

318 1183 473 1241 advorser?
514 1183 542 1241 ei
562 1182 648 1240 mihi!

157 1280 331 1342 Incertumst
340 1281 411 1357 quid
420 1299 515 1356 agam.
537 1287 613 1339 MY.
629 1276 751 1361 (Aside.)
766 1278 876 1339 Misera
885 1282 973 1341 timeo
986 1282 1150 1342 ‘incertum’

317 1380 373 1439 hoc
395 1398 536 1455 quorsum
557 1378 678 1438 decidat.

156 1478 213 1537 Sed
234 1476 312 1537 ndnc
335 1495 462 1554 peropus
485 1488 536 1548 est,
559 1474 609 1535 adt
636 1477 715 1537 hunc
737 1497 806 1540 cum
828 1477 892 1553 ipsa
912 1488 962 1536 aut
982 1478 1018 1537 de
1034 1480 1082 1538 ssla
1101 1500 1152 1540 me

314 1575 469 1635 advorsum
489 1572 567 1632 hs'mc
586 1574 675 1651 loqui.
1038 1602 1070 1648 30
1092 1582 1151 1638 265

46 1714 50 1720 ·
155 1675 234 1734 Dum
269 1675 300 1733 in
328 1672 447 1733 dubiost
475 1672 598 1743 animus,
627 1670 714 1749 padlo
743 1683 894 1733 momento
923 1672 979 1734 hdc
1009 1677 1053 1735 vel
1083 1678 1152 1737 illuc

314 1772 466 1849 inpellitur.

154 1879 218 1929 PA.
233 1869 381 1950 (Hearing
393 1867 513 1947 Mysas.)
527 1868 602 1941 Quis
616 1870 664 1927 hic
677 1869 824 1946 loquitur?
851 1869 952 1946 Mysis,
963 1869 1048 1930 salve.
1075 1881 1151 1933 ΜΥ.

315 1968 343 2029 Ο
358 1969 443 2038 salve,
458 1967 616 2043 Pdmphile.
647 1975 712 2026 Pa
727 1966 807 2039 Quid
821 1969 899 2044 agit?
927 1976 1002 2027 MY.
1018 1969 1140 2046 Rogas?

154 2067 282 2127 Laborat
304 2087 320 2127 e
343 2068 453 2138 dolore,
468 2076 555 2142 atque
577 2085 613 2125 ex
635 2066 692 2125 hoe
713 2067 820 2125 misera
839 2065 996 2138 sollicitam,
1011 2069 1089 2127 diem

154 2166 231 2239 Quia
245 2166 315 2224 olim
330 2166 359 2223 in
374 2166 453 2223 hune
468 2172 534 2223 sunt
548 2163 723 2223 constitutae
737 2160 863 2240 ndptiae.
905 2173 967 2221 tum
981 2176 1078 2226 autem
1093 2168 1151 2228 hoc

315 2264 405 2334 timet,
1031 2294 1034 2300 ·
1090 2273 1149 2327 269

153 2363 199 2422 Ne
220 2362 335 2422 deseras
357 2381 396 2421 se.
432 2370 496 2421 PA.
509 2360 605 2419 Hem!
624 2379 719 2438 egone
736 2362 810 2421 istuc
831 2364 934 2421 conari
952 2366 1080 2440 queam?
1119 2392 1149 2441 35

153 2461 238 2538 Egon
259 2461 378 2538 propter
399 2479 446 2518 me
467 2459 547 2519 illam
569 2458 664 2537 decipi
686 2459 822 2518 miseram
844 2461 948 2532 sinam,

153 2559 236 2632 Quae
258 2560 329 2617 mihi
351 2576 435 2617 suom
457 2558 588 2617 animum
610 2569 696 2635 atque
717 2557 835 2616 omnem
850 2558 937 2616 vitam
958 2558 1085 2633 credidit,

153 2657 251 2730 Quam
274 2676 330 2734 ego
351 2656 450 2716 dnimo
472 2657 589 2732 egregie
610 2654 708 2714 odram
728 2674 783 2731 pro
804 2673 896 2714 uxore
917 2655 1085 2718 hdbuerim?

152 2756 233 2816 Bene
255 2755 283 2815 et
304 2756 409 2832 pudice
431 2756 493 2813 eius
515 2754 634 2812 doctum
656 2760 741 2829 'atque
761 2752 900 2813 eductum
921 2754 1016 2812 sinam

154 2853 297 2913 Codctum
319 2863 445 2928 egestate
468 2853 619 2929 ingenium
641 2850 833 2910 inmutarier?
1035 2878 1068 2923 40
1090 2858 1149 2917 275

151 2950 221 3009 Non
242 2949 354 3009 seciam.
396 2958 472 3009 MY.
494 2949 584 3007 Haud
598 2966 705 3020 verear,
720 2950 744 3007 si
765 2950 795 3005 in
816 2959 844 3007 te
867 2949 901 3007 sit
922 2950 986 3008 solo
1007 2952 1109 3010 situm:

151 3049 208 3109 Sed
222 3050 254 3108 dt
267 3051 327 3106 vim
342 3067 431 3125 queas
446 3048 526 3107 ferre.
567 3055 631 3106 PA.
654 3033 760 3105 Adeon
774 3066 823 3105 me
836 3048 974 3123 ignavom
988 3058 1082 3125 putas,

149 3149 256 3207 Adeon
276 3167 363 3225 porro
385 3149 530 3223 ingratum
552 3144 601 3204 adt
623 3146 817 3205 inhumanum
837 3144 887 3205 aut
908 3146 1009 3217 seium,

150 3247 190 3305 Vt
211 3246 305 3323 neque
328 3265 375 3304 me
398 3242 578 3304 consuetudo
600 3262 695 3320 neque
717 3262 798 3303 amor
820 3244 915 3321 neque
937 3244 1031 3320 pudor

150 3345 342 3404 Commoveat
361 3361 456 3419 neque
471 3342 667 3413 commoneat,
679 3351 713 3413 ‚ut
728 3342 839 3401 servem
855 3342 966 3401 fidem?
1034 3366 1065 3411 45
1089 3346 1148 3403 280

126 3492 128 3497 .
149 3450 223 3502 MY.
245 3442 345 3500 Vnum
359 3442 416 3500 hoc
432 3440 502 3511 scio,
518 3458 581 3499 esse
596 3440 736 3511 meritam,
751 3451 783 3499 ut
797 3459 911 3501 memor
924 3441 1002 3500 esses
1017 3442 1069 3503 sui.
